
@Misc{ATL-COM-PHYS-2011-984,
         author          = "{The ATLAS Collaboration}",
         title           = "{Search for squarks and gluinos in multi-jet final state with the ATLAS experiment in $\sqrt{s}=7$~TeV proton-proton collisions.}",
         year            = "2011",
         howpublished    = "{ATL-COM-PHYS-2011-984}",
         note            = ""
        }

@misc{ATLAS-CONF-2011-100,
      author          = "{The ATLAS Collaboration}",
      title        = "{Measurement of the top quark pair production cross section
                      in $pp$ collisions at $\sqrt{s}=$~7~TeV in dilepton final states
                      with ATLAS}",
      howpublished    = "{ATLAS-CONF-2011-100}",
      year         = "2011"
}

@misc{ATLAS-CONF-2011-119,
      author          = "{The ATLAS Collaboration}",
      title        = "{Measurement of the top quark pair production cross section
                      in $pp$ collisions at $\sqrt{s}=$~7~TeV in $\mu$+$\tau$ final
                      states with ATLAS.}",
      howpublished      = "{ATLAS-CONF-2011-119}",
      year         = "2011"
}

@misc{ATLAS-CONF-2011-121,
      author          = "{The ATLAS Collaboration}",
      title        = "{Measurement of the $t\bar{t}$ production cross-section in $pp$
                      collisions at $\sqrt{s}=$~7~TeV using kinematic information of
                      lepton+jets events}",
      howpublished = "{ATLAS-CONF-2011-121}",
      year         = "2011"
}

@article {FIRSTOPPAPER,
   author          = "{The ATLAS Collaboration}",
   title = "{Measurement of the top quark-pair production cross section with ATLAS in $pp$ collisions at $\sqrt{s}=$~7~TeV}",
   journal = "The European Physical Journal C - Particles and Fields",
   pages = "1-36",
   volume = "71",
   issue = "3",
   year = "2011"
}
@article {PhysRevD.82.032002,
   author          = "{The D0 Collaboration}",
   title = "{Measurement of the $t\bar{t}$ cross section using high-multiplicity jet events}",
   journal = "Phys. Rev. D",
   pages = "032002",
   volume = "82",
   year = "2011"
}



@Article{Moch:2008qy,
     author    = "Moch, S. and Uwer, P.",
     title     = "{Theoretical status and prospects for top-quark pair
                  production at hadron colliders}",
     journal   = "Phys. Rev.",
     volume    = "D78",
     year      = "2008",
     pages     = "034003",
     eprint    = "0804.1476",
     archivePrefix = "arXiv",
     primaryClass  =  "hep-ph",
     doi       = "10.1103/PhysRevD.78.034003",
     SLACcitation  = "%%CITATION = 0804.1476;%%"
}


@Article{Langenfeld:2009wd,
     author    = "Langenfeld, U. and Moch, S. and Uwer, P.",
     title     = "{Measuring the running top-quark mass}",
     journal   = "Phys. Rev.",
     volume    = "D80",
     year      = "2009",
     pages     = "054009",
     eprint    = "0906.5273",
     archivePrefix = "arXiv",
     primaryClass  =  "hep-ph",
     doi       = "10.1103/PhysRevD.80.054009",
     SLACcitation  = "%%CITATION = 0906.5273;%%"
}

@article{Beneke:2009ye, 
     author         = "Beneke, M. and Czakon, M. and Falgari, P. and Mitov, A. and Schwinn, C.", 
     title          = "{Threshold expansion of the $gg(q\bar{q}) \rightarrow Q\bar{Q}+X$ cross section at  O($\alpha_s^4$)}",   
     journal        = "Phys. Lett.", 
     volume         = "B690", 
     pages          = "483-490", 
     year           = "2010" 
}

@Misc{ref:PDG,
         author          = "{K. Nakamura et al.}",
         title           = "Particle Data Group",
         year            = "2010",
         howpublished    = "{J. Phys. G 37, 075021}",
         note            = ""
        }

@Misc{ATLAS-CONF-2011-066, 
        author          = "{The ATLAS Collaboration}", 
        title           = "{Measurement of the $t \bar{t}$ production cross section in the all-hadronic channel in ATLAS with $\sqrt{s}=7$ TeV data}", 
        year            = "2011", 
        howpublished    = "{ATLAS-CONF-2011-066}", 
        note            = "" 
}

@article{ref:ATLAS,
  title = "{The ATLAS experiment at the CERN Large Hadron Collider}",
  author = "{The ATLAS Collaboration}",
  journal = "JINST",
  volume = "3",
  pages = "S08003",
  year = "2008"

}

@Misc{ref:lum,
         author          = "{The ATLAS Collaboration}",
         title           = "{Luminosity Determination in $pp$ Collisions at $\sqrt{s} = 7$~TeV using the ATLAS Detector in 2011}",
         year            = "2011",
         howpublished    = "{ATLAS-CONF-2011-116}",
         note            = ""
        }

@Misc{ref:JetTrigger,
         author          = "{The ATLAS Collaboration}",
         title           = "{ATLAS Jet Trigger in the Early $\sqrt{s}=7$ TeV Data}",
         year            = "2010",
         howpublished    = "{ATLAS-CONF-2010-094}",
         note            = ""
        }


@article{ref:jets,
  title = "{Measurement of inclusive jet and dijet cross-sections in proton-proton collisions at 7 TeV centre-of-mass energy with the ATLAS detector}",
  author = "{The ATLAS Collaboration}",
  journal = "Eur. Phys. J.",
  volume = "C 71",
  pages = "1",
  year = "2011"

}

@Misc{ref:jessys,
         author          = "{The ATLAS Collaboration}",
         title           = "{Update on the jet energy scale systematic uncertainty for jets produced in proton-proton collisions at $\sqrt{s} = 7$~TeV measured with the ATLAS detector}",
         year            = "2011",
         howpublished    = "{ATLAS-CONF-2011-007}",
         note            = ""
        }


@Misc{ATLAS-CONF-2011-067,
      author          = "{The ATLAS Collaboration}",
      title        = "{ATLAS jet energy scale uncertainties using tracks in proton  proton collisions at $\sqrt{s}=7$~TeV}",
      howpublished = "{ATLAS-CONF-2011-067}",
      year            = "2011",
      note            = ""
      }

@Misc{ATLAS-CONF-2010-054,
      author          = "{The ATLAS Collaboration}",
      title        = "{Jet energy resolution and selection efficiency relative to track jets from in-situ techniques with the ATLAS Detector using Proton-Proton Collisions at a centre-of-mass energy $\sqrt{s}$ = 7 TeV}",
      howpublished = "{ATLAS-CONF-2010-054}",
      year         = "2010",
         note            = ""
}
@Misc{ATLAS-CONF-2011-102,
         author          = "{The ATLAS Collaboration}",
         title           = "{Commissioning of the ATLAS high-performance $b$-tagging algorithms in the 7 TeV collision data}",
         year            = "2011",
         howpublished    = "{ATLAS-CONF-2011-102}",
         note            = ""
        }
