%% Created using Papers on Fri, 29 Mar 2013.
%% http://mekentosj.com/papers/

@article{Anonymous:FSlIOI2n,
title = {{ConstraintsLikeSignTopsTevatron}},
year = {2011},
pages = {1--17},
month = jun
}

@article{Beringer:1481544,
author = {Beringer, J. and Arguin, J.-F. and Barnett, R M and Copic, K. and Dahl, O and Groom, D E and Lin, C J and Lys, J. and Murayama, H and Wohl, C G and Yao, W.-M. and Zyla, P A and Amsler, C and Antonelli, M. and Asner, D M and Baer, H and Band, H R and Basaglia, T and Bauer, C W and Beatty, J J and Belousov, V I and Bergren, E and Bernardi, G and Bertl, W and Bethke, S. and Bichsel, H and Biebel, O. and Blucher, E and Blusk, S and Brooijmans, G. and Buchmueller, O and Cahn, R N and Carena, M and Ceccucci, A and Chakraborty, D. and Chen, M C and Chivukula, R S and Cowan, G. and D'Ambrosio, G and Damour, T and de Florian, D and de Gouvea, A and DeGrand, T and de Jong, P. and Dissertori, G and Dobrescu, B and Doser, M and Drees, M and Edwards, D A and Eidelman, S and Erler, J and Ezhela, V V and Fetscher, W and Fields, B D and Foster, B and Gaisser, T K and Garren, L and Gerber, H J and Gerbier, G and Gherghetta, T and Golwala, S and Goodman, M and Grab, C and Gritsan, A V and Grivaz, J F and Grunewald, M and Gurtu, A and Gutsche, T and Haber, H E and Hagiwara, K and Hagmann, C and Hanhart, C and Hashimoto, S and Hayes, K G and Heffner, M and Heltsley, B and Hernandez-Rey, J J and Hikasa, K and Hocker, A and Holder, J and Holtkamp, A and Huston, J. and Jackson, J D and Johnson, K F and Junk, T and Karlen, D and Kirkby, D and Klein, S R and Klempt, E and Kowalewski, R V and Krauss, F and Kreps, M and Krusche, B and Kuyanov, Yu V and Kwon, Y and Lahav, O and Laiho, J and Langacker, P and Liddle, A and Ligeti, Z and Liss, T M and Littenberg, L and Lugovsky, K S and Lugovsky, S B and Mannel, T and Manohar, A V and Marciano, W J and Martin, A D and Masoni, A and Matthews, J and Milstead, D. and Miquel, R and M{\"o}nig, K. and Moortgat, F and Nakamura, K. and Narain, M and Nason, P and Navas, S and Neubert, M and Nevski, P. and Nir, Y and Olive, K A and Pape, L and Parsons, J. and Patrignani, C and Peacock, J A and Petcov, S T and Piepke, A and Pomarol, A and Punzi, G and Quadt, A. and Raby, S and Raffelt, G and Ratcliff, B N and Richardson, P and Roesler, S and Rolli, S. and Romaniouk, A. and Rosenberg, L J and Rosner, J L and Sachrajda, C T and Sakai, Y and Salam, G P and Sarkar, S and Sauli, F and Schneider, O and Scholberg, K and Scott, D and Seligman, W G and Shaevitz, M H and Sharpe, S R and Silari, M and Sjostrand, T and Skands, P and Smith, J G and Smoot, G F and Spanier, S and Spieler, H and Stahl, A and Stanev, T and Stone, S L and Sumiyoshi, T and Syphers, M J and Takahashi, F and Tanabashi, M and Terning, J and Titov, M and Tkachenko, N P and Tornqvist, N A and Tovey, D. and Valencia, G and van Bibber, K and Venanzoni, G and Vincter, M G and Vogel, P and Vogt, A and Walkowiak, W. and Walter, C W and Ward, D R and Watari, T and Weiglein, G and Weinberg, E J and Wiencke, L R and Wolfenstein, L and Womersley, J and Woody, C L and Workman, R L and Yamamoto, A. and Zeller, G P and Zenin, O V and Zhang, J. and Zhu, R Y and Harper, G and Lugovsky, V S and Schaffner, P},
title = {{Review of Particle Physics, 2012-2013. Review of Particle Properties}},
journal = {Phys. Rev. D},
year = {2012},
volume = {86},
number = {1},
pages = {010001},
annote = {The 2012 edition of Review of Particle Physics is published for the Particle Data Group as article 010001 in volume 86 of Physical Review D. This edition should be cited as: J. Beringer et al. (Particle Data Group), Phys. Rev. D 86, 010001 (2012).}
}

@article{Burns:2011xf,
author = {Burns, Eric and Fisher, Wade},
title = {{Testing the approximations described in 'Asymptotic formulae for likelihood-based tests of new physics'}},
journal = {arXiv.org},
year = {2011},
volume = {hep-ex}
}

@article{Anonymous:N02WAg1N,
title = {{TopSingleLepton2010SummerUpdate}},
year = {2011},
pages = {1--10},
month = jul
}

@article{Anonymous:FVuD4KvN,
title = {{Measurement of the top quark pair production cross section in pp âˆšATLAS NOTEJuly 8, 2011collisions ats = 7 TeV in dilepton final states with ATLAS}},
year = {2011},
pages = {1--20},
month = jul
}

@article{Ko:2013wl,
author = {Ko, P and Omura, Yuji and Yu, Chaehyun},
title = {{Top Forward-backward asymmetry at the Tevatron vs. Charge asymmetry at the LHC in chiral $U(1)'$ models with flavored Higgs fields}},
journal = {arXiv.org},
year = {2013},
volume = {hep-ph},
month = feb,
annote = {Contribution to HCP2012 Proceeding}
}

@article{Collaboration:2011hh,
author = {Collaboration, D0},
title = {{Forward-backward asymmetry in top quark-antiquark production}},
journal = {arXiv.org},
year = {2011},
volume = {hep-ex},
month = jul
}

@article{Bhattacherjee:2011do,
author = {Bhattacherjee, Biplob and Biswal, Sudhansu S and Ghosh, Diptimoy},
title = {{Top quark forward-backward asymmetry at Tevatron and its implications at the LHC}},
journal = {arXiv.org},
year = {2011},
volume = {hep-ph},
month = feb,
annote = {12 pages, 8 figures, discussions and references added, accepted for
  publication in Physical Review D (Rapid Communications)}
}

@article{Berger:2011vi,
author = {Berger, Edmond L},
title = {{Tevatron Top Quark Forward-Backward Asymmetry -- Implications for Same-sign Top Quark Pair Production}},
journal = {arXiv.org},
year = {2011},
volume = {hep-ph},
month = sep,
annote = {7 pages, 5 figures; to be published in the Proceedings of the
  DPF-2011 Conference, Providence, RI, Aug 8 - 13, 2011}
}

@article{Anonymous:Ojv-UhDS,
title = {{TopChargeAsymmetry2011}},
year = {2011},
pages = {1--18},
month = aug
}

@article{Aaltonen:1318520,
author = {Collaboration, The CDF and Aaltonen, T},
title = {{Evidence for a Mass Dependent Forward-Backward Asymmetry in Top Quark Pair Production}},
journal = {arXiv.org},
year = {2010},
volume = {hep-ex},
pages = {112003},
month = dec,
annote = {Comments: 23 pages, 18 figures, submitted to Physical Review D

23 pages, 18 figures, submitted to Physical Review D}
}

@article{Collaboration:2009fd,
author = {Collaboration, The ATLAS},
title = {{Readiness of the ATLAS Liquid Argon Calorimeter for LHC Collisions}},
journal = {arXiv.org},
year = {2009},
volume = {physics.ins-det},
month = dec
}

@article{Salam:2009tu,
author = {Salam, Gavin P},
title = {{Towards Jetography}},
journal = {arXiv.org},
year = {2009},
volume = {hep-ph},
month = jun
}

@article{Jing:2009vu,
author = {Jing, S and Wanlong, L},
title = {{Topic Discovery Based on LDA Model with Fast Gibbs Sampling}},
year = {2009},
volume = {3},
pages = {91--95}
}

@techreport{ATLAS-CONF-2011-121,
title = {{Measurement of the ttbar production cross-section in pp collisions at sqrts = 7 TeV using kinematic information of lepton+jets events}},
year = {2011},
address = {Geneva},
month = aug
}

@article{ATLAS:2012aa,
author = {Aad, Georges and {others}},
title = {{Measurement of the cross section for top-quark pair production in $pp$ collisions at $\sqrts=7$ TeV with the ATLAS detector using final states with two high-pt leptons}},
journal = {arXiv.org},
year = {2012},
volume = {1205},
pages = {059}
}

@article{Valassi:2003mu,
author = {Valassi, A},
title = {{Combining correlated measurements of several different physical quantities}},
journal = {Nucl.Instrum.Meth.},
year = {2003},
volume = {A500},
pages = {391--405}
}

@article{Anonymous:r4wy4lNb,
title = {{AsymmetricLeptonsForAsymmetricTops}},
year = {2011},
pages = {1--6},
month = apr
}

@techreport{ATLAS-CONF-2011-140,
title = {{Measurement of $t\bart$ production in the all-hadronic channel in 1.02~$\mathrmfb^{-1$ of pp collisions at $\sqrts}=7$ TeV with the ATLAS detector}},
year = {2011},
address = {Geneva},
month = sep
}

@article{Aad:1376122,
author = {Aad, Georges and Abbott, Brad and Abdallah, Jalal and Abdelalim, Ahmed Ali and Abdesselam, Abdelouahab and Abdinov, Ovsat and Abi, Babak and Abolins, Maris and Abramowicz, Halina and Abreu, Henso and Acerbi, Emilio and Acharya, Bobby Samir and Adams, David and Addy, Tetteh and Adelman, Jahred and Aderholz, Michael and Adomeit, Stefanie and Adragna, Paolo and Adye, Tim and Aefsky, Scott and Aguilar-Saavedra, Juan Antonio and Aharrouche, Mohamed and Ahlen, Steven and Ahles, Florian and Ahmad, Ashfaq and Ahsan, Mahsana and Aielli, Giulio and Akdogan, Taylan and {\AA}kesson, Torsten Paul Ake and Akimoto, Ginga and Akimov, Andrei and Akiyama, Kunihiro and Alam, Mohammad and Alam, Muhammad Aftab and Albert, Justin and Albrand, Solveig and Aleksa, Martin and Aleksandrov, Igor and Alessandria, Franco and Alexa, Calin and Alexander, Gideon and Alexandre, Gauthier and Alexopoulos, Theodoros and Alhroob, Muhammad and Aliev, Malik and Alimonti, Gianluca and Alison, John and Aliyev, Magsud and Allport, Phillip and Allwood-Spiers, Sarah and Almond, John and Aloisio, Alberto and Alon, Raz and Alonso, Alejandro and Alviggi, Mariagrazia and Amako, Katsuya and Amaral, Pedro and Amelung, Christoph and Ammosov, Vladimir and Amorim, Antonio and Amor{\'o}s, Gabriel and Amram, Nir and Anastopoulos, Christos and Ancu, Lucian Stefan and Andari, Nansi and Andeen, Timothy and Anders, Christoph Falk and Anders, Gabriel and Anderson, Kelby and Andreazza, Attilio and Andrei, George Victor and Andrieux, Marie-Laure and Anduaga, Xabier and Angerami, Aaron and Anghinolfi, Francis and Anjos, Nuno and Annovi, Alberto and Antonaki, Ariadni and Antonelli, Mario and Antonov, Alexey and Antos, Jaroslav and Anulli, Fabio and Aoun, Sahar and Aperio Bella, Ludovica and Apolle, Rudi and Arabidze, Giorgi and Aracena, Ignacio and Arai, Yasuo and Arce, Ayana and Archambault, John-Paul and Arfaoui, Samir and Arguin, Jean-Francois and Arik, Engin and Arik, Metin and Armbruster, Aaron James and Arnaez, Olivier and Arnault, Christian and Artamonov, Andrei and Artoni, Giacomo and Arutinov, David and Asai, Shoji and Asfandiyarov, Ruslan and Ask, Stefan and {\AA}sman, Barbro and Asquith, Lily and Assamagan, Ketevi and Astbury, Alan and Astvatsatourov, Anatoli and Atoian, Grigor and Aubert, Bernard and Auerbach, Benjamin and Auge, Etienne and Augsten, Kamil and Aurousseau, Mathieu and Austin, Nicholas and Avolio, Giuseppe and Avramidou, Rachel Maria and Axen, David and Ay, Cano and Azuelos, Georges and Azuma, Yuya and Baak, Max and Baccaglioni, Giuseppe and Bacci, Cesare and Bach, Andre and Bachacou, Henri and Bachas, Konstantinos and Bachy, Gerard and Backes, Moritz and Backhaus, Malte and Badescu, Elisabeta and Bagnaia, Paolo and Bahinipati, Seema and Bai, Yu and Bailey, David and Bain, Travis and Baines, John and Baker, Oliver Keith and Baker, Mark and Baker, Sarah and Banas, Elzbieta and Banerjee, Piyali and Banerjee, Swagato and Banfi, Danilo and Bangert, Andrea Michelle and Bansal, Vikas and Bansil, Hardeep Singh and Barak, Liron and Baranov, Sergei and Barashkou, Andrei and Barbaro Galtieri, Angela and Barber, Tom and Barberio, Elisabetta Luigia and Barberis, Dario and Barbero, Marlon and Bardin, Dmitri and Barillari, Teresa and Barisonzi, Marcello and Barklow, Timothy and Barlow, Nick and Barnett, Bruce and Barnett, Michael and Baroncelli, Antonio and Barone, Gaetano and Barr, Alan and Barreiro, Fernando and Barreiro Guimar{\~a}es da Costa, Jo{\~a}o and Barrillon, Pierre and Bartoldus, Rainer and Barton, Adam Edward and Bartsch, Detlef and Bartsch, Valeria and Bates, Richard and Batkova, Lucia and Batley, Richard and Battaglia, Andreas and Battistin, Michele and Battistoni, Giuseppe and Bauer, Florian and Bawa, Harinder Singh and Beare, Brian and Beau, Tristan and Beauchemin, Pierre-Hugues and Beccherle, Roberto and Bechtle, Philip and Beck, Hans Peter and Beckingham, Matthew and Becks, Karl-Heinz and Beddall, Andrew and Beddall, Ayda and Bedikian, Sourpouhi and Bednyakov, Vadim and Bee, Christopher and Begel, Michael and Behar Harpaz, Silvia and Behera, Prafulla and Beimforde, Michael and Belanger-Champagne, Camille and Bell, Paul and Bell, William and Bella, Gideon and Bellagamba, Lorenzo and Bellina, Francesco and Bellomo, Massimiliano and Belloni, Alberto and Beloborodova, Olga and Belotskiy, Konstantin and Beltramello, Olga and Ben Ami, Sagi and Benary, Odette and Benchekroun, Driss and Benchouk, Chafik and Bendel, Markus and Benedict, Brian Hugues and Benekos, Nektarios and Benhammou, Yan and Benjamin, Douglas and Benoit, Mathieu and Bensinger, James and Benslama, Kamal and Bentvelsen, Stan and Berge, David and Bergeaas Kuutmann, Elin and Berger, Nicolas and Berghaus, Frank and Berglund, Elina and Ber...},
title = {{Measurement of the top quark pair production cross section in pp collisions at $\sqrts$ = 7 TeV in dilepton final states with ATLAS}},
journal = {arXiv.org},
year = {2011},
volume = {707},
pages = {459--477. 21 p},
month = aug
}

@article{Abazov:2011uk,
author = {Abazov, V M and Abbott, B. and Acharya, B S and Adams, M and Adams, T and Alexeev, G D and Alkhazov, G and Alton, A and Alverson, G and Alves, G A},
title = {{Forward-backward asymmetry in top quark-antiquark production}},
journal = {Physical Review D},
year = {2011},
volume = {84},
number = {11},
pages = {112005}
}

@article{Anonymous:sjA4b5fO,
title = {{MoriondTopCombinationWinter2011}},
year = {2011},
pages = {1--9},
month = mar
}

@article{Collaboration:2012vy,
author = {Collaboration, ATLAS},
title = {{Measurement of the cross section for top-quark pair production in pp collisions at sqrt(s) = 7 TeV with the ATLAS detector using final states with two high-pt leptons}},
journal = {arXiv.org},
year = {2012},
volume = {hep-ex},
month = feb
}

@article{Anonymous:ta_XCney,
title = {{SingleTopD0UsingBLUE}},
year = {2011},
pages = {1--6},
month = jul
}

@article{Collaboration:2012vs,
author = {Collaboration, ATLAS},
title = {{Search for same-sign top-quark production and fourth-generation down-type quarks in pp collisions at sqrt(s) = 7 TeV with the ATLAS detector}},
journal = {arXiv.org},
year = {2012},
volume = {hep-ex},
month = feb
}

@article{Collaboration:2010kq,
author = {Collaboration, The ATLAS},
title = {{Search for New Particles in Two-Jet Final States in 7 TeV Proton-Proton Collisions with the ATLAS Detector at the LHC}},
journal = {arXiv.org},
year = {2010},
volume = {hep-ex},
month = aug
}

@article{ATLAS:2011cia,
title = {{Luminosity Determination in pp Collisions at sqrt(s) = 7 TeV using the ATLAS Detector in 2011}},
year = {2011},
number = {ATLAS-CONF-2011-116}
}

@article{James:1994vp,
author = {James, F},
title = {{Minuit}},
journal = {Reference Manual},
year = {1994}
}

@article{Collaboration:2001hx,
author = {Collaboration, CDF},
title = {{Measurement of the $t\bar{t} production cross section in $p\bar{p}$ collisions at $\sqrt{s}$ = 1.8 TeV}},
journal = {arXiv.org},
year = {2001},
volume = {hep-ex},
month = jan,
annote = {The manuscript consists of 130 pages, 35 figures and 42 tables in
  RevTex. The manuscript is submitted to Physical Review D. Fixed typo in
  author list}
}

@article{Campbell:2006jf,
author = {Campbell, J M and Huston, J W and Stirling, W J},
title = {{Hard interactions of quarks and gluons: a primer for LHC physics}},
journal = {Reports on Progress in Physics},
year = {2006},
volume = {70},
number = {1},
pages = {89--193},
month = dec
}

@article{Collaboration:2002it,
author = {Collaboration, Dzero},
title = {{ttbar production cross section in ppbar collisions at sqrt{s} = 1.8 TeV}},
journal = {arXiv.org},
year = {2002},
volume = {hep-ex},
month = may,
annote = {Submitted to Physical Review D, 63 pages, 37 figures}
}

@article{Collaboration:2011wk,
author = {Collaboration, The CMS},
title = {{Combination of top quark pair production cross section measurements}},
year = {2011},
pages = {1--13},
month = nov
}

@article{ATLAS:2011zha,
title = {{Measurement of the top quark pair production cross section in pp collisions at $\sqrts=$ 7 TeV in $\mu$+$\tau$ final states with ATLAS.}},
year = {2011},
number = {ATLAS-CONF-2011-119}
}

@article{Anonymous:d2K4cLii,
title = {{TopLepJets2011CrossSection}},
year = {2011},
pages = {1--18},
month = aug
}

@article{ATLAS:2011kia,
title = {{Measurement of the top quark pair production cross-section based on a statistical combination of measurements of dilepton and single-lepton final states at âˆšs = 7 TeV with the ATLAS detector}},
year = {2011}
}

@article{Anonymous:ljHpFHBW,
title = {{Combination of CDF Single Top Quark Searches with 2.2 fbâˆ’1 of Data}},
year = {2008},
pages = {1--14},
month = mar
}

@article{Contino:2008cx,
author = {Contino, Roberto and Servant, G{\'e}raldine},
title = {{Discovering the top partners at the LHC using same-sign dilepton final states}},
journal = {arXiv.org},
year = {2008},
volume = {hep-ph},
month = jan
}

@article{Delaunay:2011eta,
author = {Delaunay, Cedric and Gedalia, Oram and Lee, Seung J and Perez, Gilad and Ponton, Eduardo},
title = {{Extraordinary Phenomenology from Warped Flavor Triviality}},
journal = {arXiv.org},
year = {2011},
volume = {hep-ph},
month = jan
}

@article{Collaboration:2011hg,
author = {Collaboration, The ATLAS},
title = {{Measurement of the Muon Charge Asymmetry from W Bosons Produced in pp Collisions at sqrt(s) = 7 TeV with the ATLAS detector}},
journal = {arXiv.org},
year = {2011},
volume = {hep-ex},
month = mar
}

@article{Berger:2010ih,
author = {Berger, Edmond L and Cao, Qing-Hong and Chen, Chuan-Ren and Shaughnessy, Gabe and Zhang, Hao},
title = {{Color Sextet Scalars in Early LHC Experiments}},
journal = {arXiv.org},
year = {2010},
volume = {hep-ph},
month = may
}

@article{Antunano:2007dj,
author = {Antunano, Oscar and Kuhn, Johann H and Rodrigo, German},
title = {{Top Quarks, Axigluons and Charge Asymmetries at Hadron Colliders}},
journal = {arXiv.org},
year = {2007},
volume = {hep-ph},
month = sep,
annote = {13 pages, 9 figures}
}

@article{Anonymous:6ztPNvZO,
title = {{TopQuarkFBAsymetrySameSign}},
year = {2011},
pages = {1--4},
month = apr
}

@article{Wang:2011tl,
author = {Wang, Lei and Wu, Lei and Yang, Jin Min},
title = {{Top quark forward-backward asymmetry and charge asymmetry in left-right twin Higgs model}},
journal = {arXiv.org},
year = {2011},
volume = {hep-ph},
month = nov,
annote = {17 pages, 9 figures; matches the published version}
}

@article{Anonymous:D79isz4b,
title = {{singletop_rev}},
year = {2011},
pages = {1--26},
month = apr
}

@article{Anonymous:nwezyT37,
title = {{TopConf_Combination}},
year = {2011},
pages = {1--9},
month = mar
}

@article{Anonymous:plDyOysH,
title = {{EffectiveSameSignTopLHC}},
year = {2011},
pages = {1--5},
month = apr
}

@article{Delaunay:2011et,
author = {Delaunay, Cedric and Gedalia, Oram and Lee, Seung J and Perez, Gilad and Ponton, Eduardo},
title = {{Extraordinary Phenomenology from Warped Flavor Triviality}},
journal = {arXiv.org},
year = {2011},
volume = {hep-ph},
month = jan
}

@article{Blei:2012ti,
author = {Blei, D M},
title = {{Probabilistic topic models}},
journal = {Communications of the ACM},
year = {2012},
volume = {55},
number = {4},
pages = {77--84}
}

@article{Langenfeld:2009ue,
author = {Langenfeld, U and Moch, S and Uwer, P},
title = {{New results for t bar t production at hadron colliders}},
journal = {arXiv.org},
year = {2009},
volume = {hep-ph},
month = jul,
annote = {5 pages, 9 figures, to appear in the proceedings of the XVII
  International Workshop on Deep-Inelastic Scattering and Related Subjects, DIS
  2009, 26-30 April 2009, Madrid}
}

@article{Aliev:2010gj,
author = {Aliev, M. and Lacker, H. and Langenfeld, U and Moch, S and Uwer, P and Wiedermann, M},
title = {{-- HATHOR -- HAdronic Top and Heavy quarks crOss section calculatoR}},
journal = {arXiv.org},
year = {2010},
volume = {hep-ph},
month = jul,
annote = {24 pages, Latex, 1 figure}
}

@article{Lyons:1988rp,
author = {Lyons, Louis and Gibaut, Duncan and Clifford, Peter},
title = {{HOW TO COMBINE CORRELATED ESTIMATES OF A SINGLE PHYSICAL QUANTITY}},
journal = {Nucl.Instrum.Meth.},
year = {1988},
volume = {A270},
pages = {110}
}

@article{Aad:2010ey,
author = {Aad, Georges and {others}},
title = {{Measurement of the top quark-pair production cross section with ATLAS in pp collisions at $\sqrts=7$ TeV}},
journal = {arXiv.org},
year = {2011},
volume = {C71},
pages = {1577}
}

