@Article{ATLAS_TDR,
  author =       "{G.~Aad {\it et al.} [ The ATLAS Collaboration ]}",
  title =        "Expected Performance of the ATLAS Experiment - Detector, Trigger and Physics",
  note =         "arXiv:0901.0512 [hep-ex]"
}


@article{PIXEL_PERFORMANCE,
title = "Tracking performance of the ATLAS pixel detector in the 2004 Combined Test Beam",
journal = "Nuclear Instruments and Methods in Physics Research Section A: Accelerators, Spectrometers, Detectors and Associated Equipment",
volume = "565",
number = "1",
pages = "43 - 49",
year = "2006",

issn = "0168-9002",
doi = "10.1016/j.nima.2006.04.080",
url = "www.sciencedirect.com/science/article/pii/S0168900206007157",
author = "Grant Gorfine",
keywords = "Pixel detector",
keywords = "Tracking software",
keywords = "Reconstruction software",
keywords = "Test beam"
}
% note = "<ce:title>Proceedings of the International Workshop on Semiconductor Pixel Detectors for Particles and Imaging</ce:title> <ce:subtitle>PIXEL 2005</ce:subtitle> <xocs:full-name>International Workshop on Semiconductor Pixel Detectors for Particles and Imaging</xocs:full-name>",

@Article{PIXEL_DETECTOR,
  author =       "F. Huegging",
  title =        "The ATLAS Pixel Detector",
  note = "arXiv:physics/0412138",  
}  

@Article{LAR_READINESS_ARXIV,
	author = "The ATLAS Collaboration",
	title = "Readiness of the ATLAS Liquid Argon Calorimeter for LHC Collisions",
	note = "arXiv:0912.2642"
	}

@techreport{INSERTABLE_B_LAYER,
      author       = "Marcisovsky, M",
      title        = "ATLAS Insertable B-Layer",
      institution  = "CERN",
      address      = "Geneva",
      number       = "ATL-INDET-PROC-2009-012",
      month        = "Sep",
      year         = "2009",
}

@article { LAR_READINESS,
	author = "The ATLAS Collaboration",
	affiliation = {CERN, 1211 Geneve 23, Switzerland},
   title = {Readiness of the ATLAS liquid argon calorimeter for LHC collisions},
   journal = {The European Physical Journal C - Particles and Fields},
   publisher = {Springer Berlin / Heidelberg},
   issn = {1434-6044},
   keyword = {Physics and Astronomy},
   pages = {723-753},
   volume = {70},
   issue = {3},
   url = {http://dx.doi.org/10.1140/epjc/s10052-010-1354-y},
   note = {10.1140/epjc/s10052-010-1354-y},
   year = {2010}
}

% http://prd.aps.org/abstract/PRD/v78/i3/e034003
@article{TOP_XSC_THEORY,
  title = {Theoretical status and prospects for top-quark pair production at hadron colliders},
  author = {Moch, S. and Uwer, P.},
}

@Comment TOP_XSC_THEORY,
@Comment   title = {Theoretical status and prospects for top-quark pair production at hadron colliders},
@Comment   author = {Moch, S. and Uwer, P.},
@Comment   journal = {Phys. Rev. D},
@Comment   volume = {78},
@Comment   issue = {3},
@Comment   pages = {034003},
@Comment   numpages = {20},
@Comment   year = {2008},
@Comment   month = {Aug},
@Comment   url = {link.aps.org/doi/10.1103/PhysRevD.78.034003},
@Comment   doi = {10.1103/PhysRevD.78.034003},
@Comment   publisher = {American Physical Society}
@Comment }



% http://inspirehep.net/record/825772
@article{TTBAR_HADRON_COLLIDERS,
      author         = "Langenfeld, U. and Moch, S. and Uwer, P.",
      title          = "{New results for t anti-t production at hadron
                        colliders}",
      year           = "2009",
      eprint         = "0907.2527",
      archivePrefix  = "arXiv",
      primaryClass   = "hep-ph",
      reportNumber   = "DESY-09-104, SFB-CPP-09-61, HU-EP-09-31",
      SLACcitation   = "%%CITATION = ARXIV:0907.2527;%%",
}


% http://www.sciencedirect.com/science/article/pii/S0370269310006301
@article{THRESHOLD_EXPANSION_XSC,
title = "Threshold expansion of the cross section at",
journal = "Physics Letters B",
volume = "690",
number = "5",
pages = "483 - 490",
year = "2010",
note = "",
issn = "0370-2693",
doi = "10.1016/j.physletb.2010.05.038",
url = "http://www.sciencedirect.com/science/article/pii/S0370269310006301",
author = "Martin Beneke and Michal Czakon and Pietro Falgari and Alexander Mitov and Christian Schwinn",
keywords = "NNLO",
keywords = "Total inclusive cross section",
keywords = "Top quark",
keywords = "Threshold expansion"
}

% http://inspirehep.net/record/893767
@article{TEVATRON_XSC_LJETS,
      author         = "Aaltonen, T. and others",
      title          = "{Measurement of the Top Pair Production Cross Section in
                       the Lepton + Jets Channel Using a Jet Flavor
                        Discriminant}",
      collaboration  = "CDF Collaboration",
      journal        = "Phys.Rev.",
      volume         = "D84",
      pages          = "031101",
      doi            = "10.1103/PhysRevD.84.031101",
      year           = "2011",
      eprint         = "1103.4821",
      archivePrefix  = "arXiv",
      primaryClass   = "hep-ex",
      reportNumber   = "FERMILAB-PUB-11-148-E",
      SLACcitation   = "%%CITATION = ARXIV:1103.4821;%%",
}


% http://inspirehep.net/record/901354
@article{TEVATRON_XSC_DILEP,
      author         = "Abazov, Victor Mukhamedovich and others",
      title          = "{Measurement of the $t\bar{t}$ production cross section
                        using dilepton events in $p\bar{p}$ collisions}",
      collaboration  = "D0 Collaboration",
      journal        = "Phys.Lett.",
      volume         = "B704",
      pages          = "403-410",
      doi            = "10.1016/j.physletb.2011.09.046",
      year           = "2011",
      eprint         = "1105.5384",
      archivePrefix  = "arXiv",
      primaryClass   = "hep-ex",
      reportNumber   = "FERMILAB-PUB-11-233-E",
      SLACcitation   = "%%CITATION = ARXIV:1105.5384;%%",
}


@techreport{LEPTON_JETS_NOTE_2011,
	author = "The ATLAS Collaboration",
      title        = "Measurement of the ttbar production cross-section in pp
                      collisions at $\sqrt{s} = 7$ TeV using kinematic information of
                      lepton+jets events",
      institution  = "CERN",
      address      = "Geneva",
      number       = "ATLAS-CONF-2011-121",
      month        = "Aug",
      year         = "2011",
}

% http://cdsweb.cern.ch/record/1337782
@techreport{JES_SCALE_2010,
	author = "The ATLAS Collaboration",
      title        = "Jet energy scale and its systematic uncertainty in
                      proton-proton collisions at $\sqrt{s}=7$ TeV in ATLAS 2010
                      data",
      institution  = "CERN",
      address      = "Geneva",
      number       = "ATLAS-CONF-2011-032",
      month        = "Mar",
      year         = "2011",
}


% http://cdsweb.cern.ch/record/1376413
@techreport{LEPTON_JETS_NOTE,
      title        = "Measurement of the ttbar production cross-section in pp
                      collisions at $\sqrt{s} = 7$ TeV using kinematic information of
                      lepton+jets events",
      institution  = "CERN",
      address      = "Geneva",
      number       = "ATLAS-CONF-2011-121",
      month        = "Aug",
      year         = "2011",
}

% http://inspirehep.net/record/1090057
@article{DILEPTON_PAPER,
      author         = "Aad, Georges and others",
      title          = "{Measurement of the cross section for top-quark pair
                        production in pp collisions at $\sqrt{s} = 7$ TeV with the
                        ATLAS detector using final states with two high-pt
                        leptons}",
      collaboration  = "ATLAS Collaboration",
      journal        = "JHEP",
      volume         = "1205",
      pages          = "059",
      doi            = "10.1007/JHEP05(2012)059",
      year           = "2012",
      eprint         = "1202.4892",
      archivePrefix  = "arXiv",
      primaryClass   = "hep-ex",
      reportNumber   = "CERN-PH-EP-2011-223",
      SLACcitation   = "%%CITATION = ARXIV:1202.4892;%%",
}


% http://cdsweb.cern.ch/record/1385033
@techreport{ALL_HADRONIC_NOTE,
	author = "The ATLAS Collaboration",
      title        = "Measurement of $t\bar{t}$ production in the all-hadronic
                      channel in 1.02~$\mathrm{fb}^{-1}$ of pp collisions at
                      $\sqrt{s}=7$ TeV with the ATLAS detector",
      institution  = "CERN",
      address      = "Geneva",
      number       = "ATLAS-CONF-2011-140",
      month        = "Sep",
      year         = "2011",
}

% pdg: http://inspirehep.net/record/1126428?ln=en
@article{PARTICLE_DATA_GROUP,
      author         = "Beringer, J. and others",
      title          = "{Review of Particle Physics (RPP)}",
      collaboration  = "Particle Data Group",
      journal        = "Phys.Rev.",
      volume         = "D86",
      pages          = "010001",
      doi            = "10.1103/PhysRevD.86.010001",
      year           = "2012",
      SLACcitation   = "%%CITATION = PHRVA,D86,010001;%%",
}

% http://cdsweb.cern.ch/record/1372916
@techreport{CHARGE_ASYMMETRY,
	author = "The ATLAS Collaboration",
      title        = "Measurement of the charge asymmetry in top quark pair
                      production in pp collisions at sqrt{s}=7 TeV using the ATLAS
                      detector",
      institution  = "CERN",
      address      = "Geneva",
      number       = "ATLAS-CONF-2011-106",
      month        = "Aug",
      year         = "2011",
}



% http://inspirehep.net/record/1090422?ln=en
@article{SAME_SIGN_PAPER,
 author         = "Aad, Georges and others",
      title          = "{Search for same-sign top-quark production and
                        fourth-generation down-type quarks in $pp$ collisions at
                        $\sqrt{s}=7$ TeV with the ATLAS detector}",
      collaboration  = "ATLAS Collaboration",
      journal        = "JHEP",
      volume         = "1204",
      pages          = "069",
      doi            = "10.1007/JHEP04(2012)069",
      year           = "2012",
      eprint         = "1202.5520",
      archivePrefix  = "arXiv",
      primaryClass   = "hep-ex",
      reportNumber   = "CERN-PH-EP-2012-020",
      SLACcitation   = "%%CITATION = ARXIV:1202.5520;%%",
}


%%%%%%%%%%%% DILEPTON %%%%%%%%%%
@comment >>> need to add the following three together
@article{SM,
  title = {A Model of Leptons},
  author = {Weinberg, Steven},
  journal = {Phys. Rev. Lett.},
  volume = {19},
  pages = {1264},
  year = {1967},
  doi = {10.1103/PhysRevLett.19.1264}
}

@article{Glashow1961579,
title = "Partial-symmetries of weak interactions",
journal = "Nuclear Physics",
volume = "22",
pages = "579",
year = "1961",
doi = "DOI: 10.1016/0029-5582(61)90469-2",
author = "Sheldon L. Glashow"
}

@Conference{Salam:1968,
   author = "A. Salam",
   title = "Elementary Particle Theory",
   editor = "N. Svartholm",
   publisher = "Almqvist and Wiksell, Stockholm",
   year = 1968,
   pages = "367"
   }

@comment  topxs ->>> these two references
@comment article{Uwer2008,
  @article{topxs,
    author    = "Moch, S. and Uwer, P.",
    title     = "{Heavy-quark pair production at two loops in QCD}",
    journal   = "Nucl. Phys. Proc. Suppl.",
    volume    = "183",
    year      = "2008",
    pages     = "75-80",
    doi       = "10.1016/j.nuclphysbps.2008.09.085",
  }

@InProceedings{Langenfeld:2009tc,
     author    = "Langenfeld, U. and Moch, S. and Uwer, P.",
     title     = "{New Results for $t\bar t$ Production at Hadron Colliders}",
     year      = "2009",
     month     = "April",
     booktitle = "XVII International Workshop on Deep-Inelastic Scattering and Related Topics, Madrid, Spain",
     primaryClass  =  "",
     doi = "10.3360/dis.2009.131"
     }
%     eprint    = "0907.2527",
%     archivePrefix = "arXiv",
%     SLACcitation  = "%%CITATION = 0907.2527;%%"


@comment Article{ATL-2010-016,
@Article{top2010,
  collaboration       = "{ATLAS}",
  title        = "Measurement of the top quark-pair production cross-section
    with ATLAS in pp collisions at $\sqrt{s}=7$~\TeV",
  journal      = "Eur. Phys. J. ",
  pages = {1577},
  volume = {C71},
  issue = {3},
  year = {2011},
     primaryClass  =  "",
     doi       = "10.1140/epjc/s10052-011-1577-6"
}
%     eprint    = "1012.1792",
%     archivePrefix = "arXiv",
%     SLACcitation  = "%%CITATION = 1012.1792;%%"

@article{Chatrchyan:2011nb,
      collaboration  = "CMS",
      title          = "{Measurement of the $t\bar{t}$\ production cross section and
                        the top quark mass in the dilepton channel in $pp$\
                        collisions at $\sqrt{s} =7$~TeV}",
      journal        = "JHEP",
      volume         = "1107",
      pages          = "049",
      year           = "2011",
      doi            = "http://dx.doi.org/10.1007/JHEP07"
}
%      primaryClass   = "",
%      eprint         = "1105.5661",
%      archivePrefix  = "arXiv",

@Article{Khachatryan:2010ez,
 collaboration = "CMS",
     title     = "{First Measurement of the Cross Section for Top-Quark Pair
                  Production in Proton-Proton Collisions at $\sqrt{s}=7$~\TeV}",
     journal   = "Phys. Lett.",
     volume    = "B695",
     year      = "2011",
     pages     = "424",
     primaryClass  =  "",
     doi       = "10.1016/j.physletb.2010.11.058"
}
%     eprint    = "1010.5994",
%     archivePrefix = "arXiv",
%     SLACcitation  = "%%CITATION = 1010.5994;%%"

@Article{topMoriond,
 collaboration       = "ATLAS",
 title        = "The measurement of $\ttbar$ cross section in the dilepton decay channel with cut-and-count
 methods at 7 TeV with L=35 pb$^{-1}$",
 journal      = "Phys. Lett",
 volume       = "To Be Submitted",
 year         = "",
 pages        = "",
 eprint       = "XXXX.YYYY"
}
% archivePrefix = "arXiv"
% primaryClass  =  "hep-ex",


@Article{ATL-2008-001,
 collaboration       = "ATLAS",
 title        = "ATLAS Experiment at the CERN Large Hadron Collider",
 journal      = "J. Inst.",
 volume       = "3",
 year         = "2008",
 pages        = "S08003",
 eprint       = ""
}


@Article{lumiPub,
 collaboration       = "ATLAS",
 title        = "Luminosity Determination in $pp$ Collisions at $\sqrt{s}$=7 TeV using the ATLAS Detector at the LHC",
 journal      = "Eur. Phys. J.",
 volume       = "C71",
 year         = "2011",
 pages        = "1630",
 doi = "10.1140/epjc/s10052-011-1630-5",
}

@comment Article{CON-2011-011,
@Article{lumi,
 collaboration       = "ATLAS",
 title        = "Luminosity Determination in $pp$ Collisions at $\sqrt{s}$=7 TeV using the ATLAS Detector in 2011",
 journal      = "ATLAS-CONF-2011-016",
 volume       = "",
 year         = "2011",
 pages        = "",
 eprint       = "",
 url          = "http://cdsweb.cern.ch/record/1376384",
}

@Article{ATL-CONF-2011-034,
 collaboration       = "{ATLAS}",
title = "Measurement of the top quark pair production cross section in pp collisions at $\sqrt{s}$=7 TeV in dilepton final states with ATLAS",
 journal = "Phys. Lett.",
 volume = "B707",
 number = "",
 pages = "459",
 year = "2012",
 note = "",
 doi = "10.1016/j.physletb.2011.12.055",
}
% eprint       = "http://arxiv.org/abs/1108.3699v1",
% url          = "https://atlas.web.cern.ch/Atlas/GROUPS/PHYSICS/CONFNOTES/ATLAS-CONF-2011-034/"

@Article{ATL-CONF-2011-032,
 collaboration       = "{ATLAS}",
 title        = "{Jet energy scale and its systematic uncertainty in proton-proton collisions at $\sqrt{s}=7$~\TeV\ in ATLAS 2010 data}",
 journal      = "ATLAS-CONF-2011-032",
 volume       = "",
 year         = "2011",
 pages        = "",
 eprint       = "",
 url          = "https://cdsweb.cern.ch/record/1337782"
}

@comment article{Aad:2008zzm,
 @article{atlasdet,
      collaboration         = "ATLAS",
      title          = "{ATLAS Experiment at the CERN Large Hadron Collider}",
      journal        = "JINST",
      volume         = "3",
      pages          = "S08003",
      doi            = "10.1088/1748-0221/3/08/S08003",
      year           = "2008"
}

@comment   >>> Do we need the Allison et al reference?

@comment Article{Agostinelli:2002hh,
 @Article{geant4,
     author    = "Agostinelli, S. and others",
    collaboration = "GEANT4",
     title     = "{GEANT4: A simulation toolkit}",
     journal   = "Nucl. Instrum. Meth.",
     volume    = "A506",
     year      = "2003",
     pages     = "250",
     doi       = "10.1016/S0168-9002(03)01368-8",
     SLACcitation  = "%%CITATION = NUIMA,A506,250;%%"
}

@comment Also ATL-2010-005
@comment Article{:2010wqa,
@Article{atlsim,
     collaboration    = "ATLAS",
     title     = "{ATLAS Simulation Infrastructure}",
     journal   = "Eur. Phys. J.",
     volume    = "C70",
     year      = "2010",
     pages     = "823",
     doi       = "10.1140/epjc/s10052-010-1429-9"
}
%     url = {http://dx.doi.org/10.1140/epjc/s10052-010-1429-9},
%     doi       = "10.1140/epjc/s10052-010-1429-9"
%     eprint    = "1005.4568",
%     archivePrefix = "arXiv",
%     primaryClass  =  "",
%     SLACcitation  = "%%CITATION = 1005.4568;%%"

@comment  >>> The following three have to replace mcatnlo1

@comment Article{Frixione:2002ik,
@Article{mcatnlo1,
     author    = "Frixione, Stefano and Webber, Bryan R.",
     title     = "{Matching NLO QCD computations and parton shower
                  simulations}",
     journal   = "JHEP",
     volume    = "06",
     year      = "2002",
     pages     = "029",
     note      = "We use Version 3.41.",
     doi = "10.1088/1126-6708/2002/06/029"
}
%     eprint    = "hep-ph/0204244",
%     archivePrefix = "arXiv",
%     SLACcitation  = "%%CITATION = HEP-PH/0204244;%%",

@Article{Frixione:2003ei,
     author    = "Frixione, Stefano and Nason, Paolo and Webber, Bryan R.",
     title     = "{Matching NLO QCD and parton showers in heavy flavour
                  production}",
     journal   = "JHEP",
     volume    = "08",
     year      = "2003",
     pages     = "007",
     doi = "10.1088/1126-6708/2003/08/007"
}
%     eprint    = "hep-ph/0305252",
%     archivePrefix = "arXiv",
%     SLACcitation  = "%%CITATION = HEP-PH/0305252;%%",

@Article{Frixione:2005vw,
     author    = "Frixione, Stefano and Laenen, Eric and Motylinski, Patrick
                  and Webber, Bryan R.",
     title     = "{Single-top production in MC@NLO}",
     journal   = "JHEP",
     volume    = "03",
     year      = "2006",
     pages     = "092",
     doi       = "10.1088/1126-6708/2006/03/092"
}
%     eprint    = "hep-ph/0512250",
%     archivePrefix = "arXiv",
%     SLACcitation  = "%%CITATION = HEP-PH/0512250;%%"

@comment Article{Nadolsky:2008zw,
@Article{cteq66,
     author    = "Nadolsky, Pavel M. and others",
     title     = "{Implications of CTEQ global analysis for collider
                  observables}",
     journal   = "Phys. Rev. D",
     volume    = "78",
     year      = "2008",
     pages     = "013004",
     primaryClass  =  "",
     doi       = "10.1103/PhysRevD.78.013004"
}
%     eprint    = "0802.0007",
%     archivePrefix = "arXiv",
%     SLACcitation  = "%%CITATION = 0802.0007;%%"

@comment Article{Aliev:2010zk,
@Article{Aliev:2010,
     author    = "Aliev, M. and others",
     title     = "{-- HATHOR -- HAdronic Top and Heavy quarks crOss section
                  calculatoR}",
     journal   = "Comput. Phys. Commun.",
     volume    = "182",
     year      = "2011",
     pages     = "1034",
     primaryClass  =  "",
     doi       = "10.1016/j.cpc.2010.12.040"
}
%     eprint    = "1007.1327",
%     archivePrefix = "arXiv",
%     SLACcitation  = "%%CITATION = 1007.1327;%%"

@comment Article{Frixione:2008yi,
@Article{diagrem,
     author    = "Frixione, Stefano and Laenen, Eric and Motylinski, Patrick
                  and Webber, Bryan R. and White, Chris D.",
     title     = "{Single-top hadroproduction in association with a W
                  boson}",
     journal   = "JHEP",
     volume    = "07",
     year      = "2008",
     pages     = "029",
     primaryClass  =  "",
     doi       = "10.1088/1126-6708/2008/07/029",
}
%     eprint    = "0805.3067",
%     archivePrefix = "arXiv",
%     SLACcitation  = "%%CITATION = 0805.3067;%%"

@comment >>> To generate $W$+jets, $\Zg$+jets, and QCD multi-jet events v2.13 was used.

@comment Article{Mangano:2002ea,
@Article{alpgen,
     author    = "Mangano, Michelangelo L. and Moretti, Mauro and Piccinini,
                  Fulvio and Pittau, Roberto and Polosa, Antonio D.",
     title     = "{ALPGEN, a generator for hard multiparton processes in
                  hadronic  collisions}",
     journal   = "JHEP",
     volume    = "07",
     year      = "2003",
     pages     = "001",
     note      = "We use version 2.13.",
     doi ="10.1088/1126-6708/2003/07/001"
}
%     eprint    = "hep-ph/0206293",
%     archivePrefix = "arXiv",
%     SLACcitation  = "%%CITATION = HEP-PH/0206293;%%",

@comment Article{Pumplin:2002vw,
 @Article{cteq6l,
     author    = "J. Pumplin and D.R. Stump and J. Huston and H.L. Lai and P. Nadolsky and W.K. Tung",
     title     = "{New generation of parton distributions with uncertainties
                  from global QCD analysis}",
     journal   = "JHEP",
     volume    = "07",
     year      = "2002",
     pages     = "012",
     doi = "10.1088/1126-6708/2002/07/012"
}
%     eprint    = "hep-ph/0201195",
%    archivePrefix = "arXiv",
%     SLACcitation  = "%%CITATION = HEP-PH/0201195;%%",

@comment article{Aad:2009wy,

@comment >>> Need to add following PHYSREV article.
@comment Article{Hamberg:1990np,
 @Article{inclusivez,
     author    = "Hamberg, R. and van Neerven, W. L. and Matsuura, T.",
     title     = "{A Complete calculation of the order alpha-s**2 correction
                  to the Drell-Yan K factor}",
     journal   = "Nucl. Phys.",
     volume    = "B359",
     year      = "1991",
     pages     = "343",
     doi       = "10.1016/0550-3213(91)90064-5",
     SLACcitation  = "%%CITATION = NUPHA,B359,343;%%"
}

@Article{PhysRevD.69.094008,
  title = {High-precision QCD at hadron colliders: Electroweak gauge boson rapidity distributions at next-to-next-to leading order},
  author = {Anastasiou, Charalampos  and Dixon, Lance  and Melnikov, Kirill  and Petriello, Frank },
  journal = {Phys. Rev. D},
  volume = {69},
  pages = {094008},
  numpages = {27},
  year = {2004},
  month = {May},
  doi = "10.1103/PhysRevD.69.094008",
  publisher = {American Physical Society}
}

@comment >>>  Need to add the second reference.

@Article{herwig1,
     author    = "Corcella, G. and others",
     title     = "{HERWIG 6.5: an event generator for Hadron Emission
                  Reactions With Interfering Gluons (including supersymmetric
                  processes)}",
     journal   = "JHEP",
     volume    = "01",
     year      = "2001",
     pages     = "010",
     note      = "We use version 6.510.",
     doi = "10.1088/1126-6708/2001/01/010"
}
%     eprint    = "hep-ph/0011363",
%     archivePrefix = "arXiv",
%     SLACcitation  = "%%CITATION = HEP-PH/0011363;%%",

@Article{Corcella:2002jc,
     author    = "Corcella, G. and others",
     title     = "{HERWIG 6.5 release note}",
     year      = "2002",
     eprint    = "hep-ph/0210213",
     archivePrefix = "arXiv",
     SLACcitation  = "%%CITATION = HEP-PH/0210213;%%"
}

@comment Article{Butterworth:1996zw,
@Article{jimmy,
     author    = "Butterworth, J. M. and Forshaw, Jeffrey R. and Seymour, M.
                  H.",
     title     = "{Multiparton interactions in photoproduction at HERA}",
     journal   = "Z. Phys.",
     volume    = "C 72",
     year      = "1996",
     pages     = "637",
     doi       = "10.1007/s002880050286",
}
%     note      = "We use version 4.31."
%     eprint    = "hep-ph/9601371",
%     archivePrefix = "arXiv",
%     SLACcitation  = "%%CITATION = HEP-PH/9601371;%%"

@Article{Campbell:1999ah,
     author    = "Campbell, John M. and Ellis, R. Keith",
     title     = "{An update on vector boson pair production at hadron
                  colliders}",
     journal   = "Phys. Rev. D",
     volume    = "60",
     year      = "1999",
     pages     = "113006",
     doi       = "10.1103/PhysRevD.60.113006",
}
%     eprint    = "hep-ph/9905386",
%     archivePrefix = "arXiv",
%     SLACcitation  = "%%CITATION = HEP-PH/9905386;%%"

@comment >>>  Need to include all three

@Comment POWHEG references
@comment Article{Nason:2004rx,
@Article{powheg,
     author    = "Nason, Paolo",
     title     = "{A new method for combining NLO QCD with shower Monte Carlo
                  algorithms}",
     journal   = "JHEP",
     volume    = "11",
     year      = "2004",
     pages     = "040",
     doi       = "10.1088/1126-6708/2004/11/040",
}
%     eprint    = "hep-ph/0409146",
%     archivePrefix = "arXiv",
%     SLACcitation  = "%%CITATION = HEP-PH/0409146;%%"

@Comment  Additional POWHEG references
@Article{Frixione:2007vw,
     author    = "Frixione, Stefano and Nason, Paolo and Oleari, Carlo",
     title     = "{Matching NLO QCD computations with Parton Shower
                  simulations: the POWHEG method}",
     journal   = "JHEP",
     volume    = "11",
     year      = "2007",
     pages     = "070",
     primaryClass  =  "",
     doi       = "10.1088/1126-6708/2007/11/070",
}
%     eprint    = "0709.2092",
%     archivePrefix = "arXiv",
%     SLACcitation  = "%%CITATION = 0709.2092;%%"

@Comment  Additional POWHEG references
@Article{Alioli:2010xd,
     author    = "Alioli, Simone and Nason, Paolo and Oleari, Carlo and Re,
                  Emanuele",
     title     = "{A general framework for implementing NLO calculations in
                  shower Monte Carlo programs: the POWHEG BOX}",
     journal   = "JHEP",
     volume    = "06",
     year      = "2010",
     pages     = "043",
     primaryClass  =  "",
     doi       = "10.1007/JHEP06(2010)043",
}
%     eprint    = "1002.2581",
%     archivePrefix = "arXiv",
%     SLACcitation  = "%%CITATION = 1002.2581;%%"

@comment Article{Kersevan:2004yg,
@Article{Acer,
     author    = "Kersevan, Borut Paul and Richter-Was, Elzbieta",
     title     = "{The Monte Carlo event generator AcerMC version 2.0 with
                  interfaces to  PYTHIA 6.2 and HERWIG 6.5}",
     year      = "2004",
     eprint    = "hep-ph/0405247",
     archivePrefix = "arXiv",
     SLACcitation  = "%%CITATION = HEP-PH/0405247;%%"
}

@article{CSCbook,
      collaboration         = "ATLAS",
      title          = "{Expected Performance of the ATLAS Experiment - Detector,
                        Trigger and Physics}",
      year           = "2009",
      eprint         = "0901.0512",
      archivePrefix  = "arXiv",
      pages = "880",
      primaryClass   = ""
}

@article{Skands,
     author         = "Skands, P.Z.",
     title          = "{Tuning Monte Carlo Generators: The Perugia Tunes}",
     journal   = "Phys. Rev. D",
     volume    = "82",
     year      = "2010",
     pages     = "074018",
     doi       = "10.1103/PhysRevD.82.074018"
}

@comment Article{Mangano:2008ag,
@Article{wjetstheo,
     author    = "Mangano, Michelangelo L.",
     title     = "{Understanding the Standard Model, as a bridge to the
                  discovery of new phenomena at the LHC}",
     journal   = "Int. J. Mod. Phys.",
     volume    = "A23",
     year      = "2008",
     pages     = "3833",
     primaryClass  =  "hep-ph",
     doi       = "10.1142/S0217751X08042353"
}
%     eprint    = "0802.0026",
%     archivePrefix = "arXiv",
%     SLACcitation  = "%%CITATION = 0802.0026;%%"

@comment Article{Aad:2010yt,
 @Article{ATLAS:Tightelectrons,
     collaboration    = "ATLAS",
     title     = "{Measurement of the $W \rightarrow l\nu$\ and $Z/\gamma^* \rightarrow ll$\ production
                  cross sections in $pp$\ collisions at $\sqrt{s}= 7$~\TeV\ with the ATLAS detector}",
     journal   = "JHEP",
     volume    = "12",
     year      = "2010",
     pages     = "060",
     primaryClass  =  "",
     doi       = "10.1007/JHEP12(2010)060"
}
%     eprint    = "1010.2130",
%     archivePrefix = "arXiv",
%     SLACcitation  = "%%CITATION = 1010.2130;%%"

@comment Article{Aad:2010wv,
@Article{dijets_old,
     collaboration    = "ATLAS",
     title     = "{Measurement of inclusive jet and dijet cross sections in
                  proton-proton collisions at 7~\TeV\ centre-of-mass energy
                  with the ATLAS detector}",
     journal   = "Eur. Phys. J.",
     volume    = "C 71",
     year      = "2011",
     pages     = "1512",
     primaryClass  =  "",
     doi       = "10.1140/epjc/s10052-010-1512-2"
}
%     eprint    = "1009.5908",
%     archivePrefix = "arXiv",
%     SLACcitation  = "%%CITATION = 1009.5908;%%"

@Article{dijets,
     collaboration    = "ATLAS",
     title     = "{Measurement of inclusive jet and dijet cross sections in
                  $pp$ collisions at $\sqrt{s}$=7~\TeV\ using the ATLAS detector}",
     journal   = "Submitted to Phys. Rev. D",
     volume    = "",
     year      = "",
     pages     = "",
      eprint         = "1112.6297",
      archivePrefix  = "arXiv",
}

@Article{jetcor,
     collaboration    = "ATLAS",
     title     = "{Jet energy measurement with the ATLAS detector in proton-proton collisions at $\sqrt{s}$ = 7 TeV}",
     journal   = "Submitted to Eur. Phys. J",
     volume    = "",
     year      = "",
     pages     = "",
      eprint         = "1112.6426",
      archivePrefix  = "arXiv",
}

@comment Article{ATLAS-CONF-2011-102,
@Article{AdvBtag,
      title        = "Commissioning of the ATLAS high-performance b-tagging algorithms in the 7 TeV collision data",
      collaboration = "ATLAS",
      journal      = "ATLAS-CONF-2011-102",
      year         = "2011",
      url          = "http://cdsweb.cern.ch/record/1369219"
}

@Article{METPaper,
      title        = "Performance of missing transverse momentum reconstruction in proton-proton collisions at 7 TeV with ATLAS",
      collaboration = "ATLAS",
      journal      = "Eur. Phys. J.",
     volume    = "C 72",
     year      = "2012",
     pages     = "1844",
     primaryClass  =  "",
     doi       = "10.1140/epjc/s10052-011-1844-6",
}

@Article{ElectronPerformance,
     collaboration    = "ATLAS",
    title     = "Electron performance measurements with the ATLAS detector using the 2010 LHC proton-proton collision data",
    journal   = "Submitted to Eur. Phys. J",
 volume       = "",
 year         = "",
 pages        = "",
 eprint       = "1110.3174v1",
 archivePrefix = "arXiv",
 primaryClass  =  "hep-ex",
}



@comment Article{ATLAS-CONF-2010-038,
@Article{jetqual,
      title        = "Data-Quality Requirements and Event Cleaning for Jets and
                      Missing Transverse Energy Reconstruction with the ATLAS
                      Detector in Proton-Proton Collisions at a Center-of-Mass
                      Energy of $\sqrt{s}=7$~\TeV",
      institution  = "CERN",
      collaboration       = "ATLAS",
      address      = "Geneva",
      journal       = "ATLAS-CONF-2010-038",
      year         = "2010",
      url           = "http://cdsweb.cern.ch/record/1277678"
}

@comment Article{ATLAS-CONF-2010-041,
@Article{bib:JetProb,
      title        = "Impact parameter-based b-tagging algorithms in the 7~\TeV\
                      collision data with the ATLAS detector: the TrackCounting
                      and JetProb algorithms",
      institution  = "CERN",
      collaboration       = "ATLAS",
      address      = "Geneva",
      journal       = "ATLAS-CONF-2010-041",
      year         = "2010"
}


@comment Article{ATLAS-CONF-2010-099,
@Article{bib:SV0,
      title        = "Calibrating the $b$-Tag and Mistag Efficiencies of the SV0
                      $b$-Tagging Algorithm in 3~pb$^{-1}$ of Data with the ATLAS
                      Detector",
      institution  = "CERN",
      address      = "Geneva",
      journal       = "ATLAS-CONF-2010-099",
      year         = "2010",
}

@Article{ATLAS-CONF-2011-035,
      title        = "Measurement of the top quark-pair cross-section with ATLAS
                      in pp collisions at $\sqrt{s} = 7~\TeV$ in the single-lepton
                      channel using b-tagging",
      collaboration       = "ATLAS",
      institution  = "CERN",
      address      = "Geneva",
      journal       = "ATLAS-CONF-2011-035",
      year         = "2011",
      url           = "http://cdsweb.cern.ch/record/1337785"
}

@Article{ATLAS-CONF-2011-023,
      title        = "Top Quark Pair Production Cross-section Measurements in
                      ATLAS in the Single Lepton+Jets Channel without b-tagging",
      collaboration       = "ATLAS",
      institution  = "CERN",
      address      = "Geneva",
      journal       = "ATLAS-CONF-2011-023",
      year         = "2011",
      url           = "http://cdsweb.cern.ch/record/1336753"
}


@Article{Lester:1999tx,
     author    = "Lester, C. G. and Summers, D. J.",
     title     = "{Measuring masses of semiinvisibly decaying particles pair
                  produced at hadron colliders}",
     journal   = "Phys. Lett.",
     volume    = "B463",
     year      = "1999",
     pages     = "99-103",
     doi       = "10.1016/S0370-2693(99)00945-4"
}
%     eprint    = "hep-ph/9906349",
%     archivePrefix = "arXiv",
%     SLACcitation  = "%%CITATION = HEP-PH/9906349;%%"

@comment Article{Aaltonen:2010ic,
@Article{cdf:ttz,
     author    = "Aaltonen, T. and others",
 collaboration = "CDF",
     title     = "{First Measurement of the Ratio sigma_(t-tbar) /
                  sigma_(Z/\gamma*->ll) and Precise Extraction of the t-tbar
                  Cross Section}",
     journal   = "Phys. Rev. Lett.",
     volume    = "105",
     year      = "2010",
     pages     = "012001",
     primaryClass  =  "",
     doi       = "10.1103/PhysRevLett.105.012001"
}
%     eprint    = "1004.3224",
%     archivePrefix = "arXiv",
%     SLACcitation  = "%%CITATION = 1004.3224;%%"

@comment article{Aad:2011kk,
@article{atlaswww,
      collaboration         = "ATLAS",
      title          = "{Measurement of the WW cross section in $\sqrt{s} = 7$~\TeV\
                        pp collisions with ATLAS}",
      year           = "2011",
      eprint         = "1104.5225",
      archivePrefix  = "arXiv",
      primaryClass   = "hep-ex",
}

@comment Article{Chatrchyan:2011tz,
 @Article{cmsww,
 collaboration = "CMS",
     title     = "{Measurement of WW Production and Search for the Higgs
                  Boson in pp Collisions at $\sqrt{s} = 7$~\TeV}",
     journal   = "Phys. Lett.",
     volume    = "B699",
     year      = "2011",
     pages     = "25",
     primaryClass  =  "",
     doi       = "10.1016/j.physletb.2011.03.056"
}
%     eprint    = "1102.5429",
%     archivePrefix = "arXiv",
%     SLACcitation  = "%%CITATION = 1102.5429;%%"

@comment Article{Cacciari:2008gp,
@Article{antikt,
   author = "M.~Cacciari and G.~P.~Salam and G.~Soyez",
   title = "{The anti-$k_t$\ jet clustering algorithm}",
   journal = "JHEP",
   volume = "0804",
   pages = "063",
   year = "2008",
   doi = "10.1088/1126-6708/2008/04/063"
}
%   eprint = "0802.1189",
%   archivePrefix = "arXiv"

@comment Most recent CDF dilepton measurement
@Article{Aaltonen:2010bs,
  title ="{Measurement of the Top Pair Production Cross Section in the Dilepton Decay Channel in $p\bar{p}$\ Collisions at $\sqrt{s}=1.96$~\TeV}",
  collaboration = {CDF},
  author = {Aaltonen, T.  and others},
  journal = {Phys. Rev. D},
  volume = {82},
  pages = {052002},
  year = {2010},
  primaryClass  =  "",
  doi = "10.1103/PhysRevD.82.052002"
}
%  eprint    = "1002.2919",
%  archivePrefix = "arXiv",
%  SLACcitation  = "%%CITATION = 1002.2919;%%"

@comment Most recent D0 cross section measurement
@Article{Abazov:2009ae,
     author    = "Abazov, V. M. and others",
 collaboration = "D0",
     title     = "{Combination of $t\bar{t}$\ Cross Section Measurements and
                  Constraints on the Mass of the Top Quark and its Decays
                  into Charged Higgs Bosons}",
     journal   = "Phys. Rev. D",
     volume    = "80",
     year      = "2009",
     pages     = "071102",
     primaryClass  =  "",
     doi       = "10.1103/PhysRevD.80.071102",
}
%     eprint    = "0903.5525",
%     archivePrefix = "arXiv",
%     SLACcitation  = "%%CITATION = 0903.5525;%%"

@Article{Campbell:2004ch,
     author    = "Campbell, John M. and Ellis, R. Keith and Tramontano,
                  Francesco",
     title     = "{Single top production and decay at next-to-leading
                  order}",
     journal   = "Phys. Rev. D",
     volume    = "70",
     year      = "2004",
     pages     = "094012",
     doi       = "10.1103/PhysRevD.70.094012",
}
%     eprint    = "hep-ph/0408158",
%     archivePrefix = "arXiv",
%     SLACcitation  = "%%CITATION = HEP-PH/0408158;%%"

@Article{Kidonakis:2010yq,
     author    = "Kidonakis, Nikolaos",
     title     = "Single top quark production cross section at hadron
                  colliders",
     journal   = "PoS DIS2010",
     year      = "2010",
     pages     = "196",
     primaryClass  =  "",
}
%     eprint    = "1005.3330",
%     archivePrefix = "arXiv",
%     SLACcitation  = "%%CITATION = 1005.3330;%%"


@Article{Butterworth:1287902,
      author       = "Butterworth, J and Dobson, E and Klein, U and Mellado
                      Garcia, B and Nunnemann, T and Qian, J and Rebuzzi, D and
                      Tanaka, R",
      title        = "Single Boson and Diboson Production Cross Sections in pp
                      Collisions at $\sqrt{s}=7 \TeV$",
      journal       = "ATL-COM-PHYS-2010-695",
      year         = "2010"
}


@Article{ATLAS:1303025,
  collaboration       = "ATLAS",
  title        = "First tuning of HERWIG/JIMMY to ATLAS data",
  institution  = "CERN",
  journal       = "ATL-PHYS-PUB-2010-014",
  year         = "2010",
  url          = "http://cdsweb.cern.ch/record/1303025/"
}

@Article{Moneta:2010pm,
     author    = "Moneta, Lorenzo and others",
     title     = "{The RooStats Project}",
     journal   = "PoS",
     volume    = "ACAT2010",
     year      = "2010",
     pages     = "057",
     primaryClass  =  "physics.data-an",
}
%     eprint    = "1009.1003",
%     archivePrefix = "arXiv",
%     SLACcitation  = "%%CITATION = 1009.1003;%%"

@Article{Campbell:2010ff,
     author    = "Campbell, John M. and Ellis, R. K.",
     title     = "{MCFM for the Tevatron and the LHC}",
     journal   = "Nucl. Phys. Proc. Suppl.",
     volume    = "205",
     year      = "2010",
     pages     = "10",
     primaryClass  =  "",
     doi       = "10.1016/j.nuclphysbps.2010.08.011"
}
%     eprint    = "1007.3492",
%     archivePrefix = "arXiv",
%     SLACcitation  = "%%CITATION = 1007.3492;%%"

@Article{ATLAS-CONF-2011-089,
  title        = "Calibrating the b-Tag Efficiency and Mistag Rate in $35~pb^{-1}$ of Data with the ATLAS Detector",
  institution  = "CERN",
  address      = "Geneva",
  journal       = "ATLAS-CONF-2011-089",
  year         = "2011",
}



%%%%%%%%%%%%%%%%%%%%%%%%%%%%%%%%%%%%%%%%%%%%%%%%%%%%%%
%%% Dilep
%%%%%%%%%%%%%%%%%%%%%%%%%%%%%%%%%%%%%%%%%%%%%%%%%%%%%%

