@Article{ATLAS_TDR,
  author =       "{G.~Aad {\it et al.} [ The ATLAS Collaboration ]}",
  title =        "Expected Performance of the ATLAS Experiment - Detector, Trigger and Physics",
  note =         "arXiv:0901.0512 [hep-ex]"
}  


@article{PIXEL_PERFORMANCE,
title = "Tracking performance of the ATLAS pixel detector in the 2004 Combined Test Beam",
journal = "Nuclear Instruments and Methods in Physics Research Section A: Accelerators, Spectrometers, Detectors and Associated Equipment",
volume = "565",
number = "1",
pages = "43 - 49",
year = "2006",

issn = "0168-9002",
doi = "10.1016/j.nima.2006.04.080",
url = "www.sciencedirect.com/science/article/pii/S0168900206007157",
author = "Grant Gorfine",
keywords = "Pixel detector",
keywords = "Tracking software",
keywords = "Reconstruction software",
keywords = "Test beam"
}
% note = "<ce:title>Proceedings of the International Workshop on Semiconductor Pixel Detectors for Particles and Imaging</ce:title> <ce:subtitle>PIXEL 2005</ce:subtitle> <xocs:full-name>International Workshop on Semiconductor Pixel Detectors for Particles and Imaging</xocs:full-name>",

@Article{PIXEL_DETECTOR,
  author =       "F. Huegging",
  title =        "The ATLAS Pixel Detector",
  note = "arXiv:physics/0412138",  
}  

@Article{LAR_READINESS_ARXIV,
	author = "The ATLAS Collaboration",
	title = "Readiness of the ATLAS Liquid Argon Calorimeter for LHC Collisions",
	note = "arXiv:0912.2642"
	}

@techreport{INSERTABLE_B_LAYER,
      author       = "Marcisovsky, M",
      title        = "ATLAS Insertable B-Layer",
      institution  = "CERN",
      address      = "Geneva",
      number       = "ATL-INDET-PROC-2009-012",
      month        = "Sep",
      year         = "2009",
}

@article { LAR_READINESS,
	author = "The ATLAS Collaboration",
	affiliation = {CERN, 1211 Geneve 23, Switzerland},
   title = {Readiness of the ATLAS liquid argon calorimeter for LHC collisions},
   journal = {The European Physical Journal C - Particles and Fields},
   publisher = {Springer Berlin / Heidelberg},
   issn = {1434-6044},
   keyword = {Physics and Astronomy},
   pages = {723-753},
   volume = {70},
   issue = {3},
   url = {http://dx.doi.org/10.1140/epjc/s10052-010-1354-y},
   note = {10.1140/epjc/s10052-010-1354-y},
   year = {2010}
}

% http://prd.aps.org/abstract/PRD/v78/i3/e034003
@article{TOP_XSC_THEORY,
  title = {Theoretical status and prospects for top-quark pair production at hadron colliders},
  author = {Moch, S. and Uwer, P.},
}

@Comment TOP_XSC_THEORY,
@Comment   title = {Theoretical status and prospects for top-quark pair production at hadron colliders},
@Comment   author = {Moch, S. and Uwer, P.},
@Comment   journal = {Phys. Rev. D},
@Comment   volume = {78},
@Comment   issue = {3},
@Comment   pages = {034003},
@Comment   numpages = {20},
@Comment   year = {2008},
@Comment   month = {Aug},
@Comment   url = {link.aps.org/doi/10.1103/PhysRevD.78.034003},
@Comment   doi = {10.1103/PhysRevD.78.034003},
@Comment   publisher = {American Physical Society}
@Comment }



% http://inspirehep.net/record/825772
@article{TTBAR_HADRON_COLLIDERS,
      author         = "Langenfeld, U. and Moch, S. and Uwer, P.",
      title          = "{New results for t anti-t production at hadron
                        colliders}",
      year           = "2009",
      eprint         = "0907.2527",
      archivePrefix  = "arXiv",
      primaryClass   = "hep-ph",
      reportNumber   = "DESY-09-104, SFB-CPP-09-61, HU-EP-09-31",
      SLACcitation   = "%%CITATION = ARXIV:0907.2527;%%",
}


% http://www.sciencedirect.com/science/article/pii/S0370269310006301
@article{THRESHOLD_EXPANSION_XSC,
title = "Threshold expansion of the cross section at",
journal = "Physics Letters B",
volume = "690",
number = "5",
pages = "483 - 490",
year = "2010",
note = "",
issn = "0370-2693",
doi = "10.1016/j.physletb.2010.05.038",
url = "http://www.sciencedirect.com/science/article/pii/S0370269310006301",
author = "Martin Beneke and Michal Czakon and Pietro Falgari and Alexander Mitov and Christian Schwinn",
keywords = "NNLO",
keywords = "Total inclusive cross section",
keywords = "Top quark",
keywords = "Threshold expansion"
}

% http://inspirehep.net/record/893767
@article{TEVATRON_XSC_LJETS,
      author         = "Aaltonen, T. and others",
      title          = "{Measurement of the Top Pair Production Cross Section in
                        the Lepton + Jets Channel Using a Jet Flavor
                        Discriminant}",
      collaboration  = "CDF Collaboration",
      journal        = "Phys.Rev.",
      volume         = "D84",
      pages          = "031101",
      doi            = "10.1103/PhysRevD.84.031101",
      year           = "2011",
      eprint         = "1103.4821",
      archivePrefix  = "arXiv",
      primaryClass   = "hep-ex",
      reportNumber   = "FERMILAB-PUB-11-148-E",
      SLACcitation   = "%%CITATION = ARXIV:1103.4821;%%",
}


% http://inspirehep.net/record/901354
@article{TEVATRON_XSC_DILEP,
      author         = "Abazov, Victor Mukhamedovich and others",
      title          = "{Measurement of the $t\bar{t}$ production cross section
                        using dilepton events in $p\bar{p}$ collisions}",
      collaboration  = "D0 Collaboration",
      journal        = "Phys.Lett.",
      volume         = "B704",
      pages          = "403-410",
      doi            = "10.1016/j.physletb.2011.09.046",
      year           = "2011",
      eprint         = "1105.5384",
      archivePrefix  = "arXiv",
      primaryClass   = "hep-ex",
      reportNumber   = "FERMILAB-PUB-11-233-E",
      SLACcitation   = "%%CITATION = ARXIV:1105.5384;%%",
}


@techreport{LEPTON_JETS_NOTE_2011,
	author = "The ATLAS Collaboration",
      title        = "Measurement of the ttbar production cross-section in pp
                      collisions at $\sqrt{s} = 7$ TeV using kinematic information of
                      lepton+jets events",
      institution  = "CERN",
      address      = "Geneva",
      number       = "ATLAS-CONF-2011-121",
      month        = "Aug",
      year         = "2011",
}

% http://cdsweb.cern.ch/record/1337782
@techreport{JES_SCALE_2010,
	author = "The ATLAS Collaboration",
      title        = "Jet energy scale and its systematic uncertainty in
                      proton-proton collisions at $\sqrt{s}=7$ TeV in ATLAS 2010
                      data",
      institution  = "CERN",
      address      = "Geneva",
      number       = "ATLAS-CONF-2011-032",
      month        = "Mar",
      year         = "2011",
}


% http://cdsweb.cern.ch/record/1376413
@techreport{LEPTON_JETS_NOTE,
      title        = "Measurement of the ttbar production cross-section in pp
                      collisions at $\sqrt{s} = 7$ TeV using kinematic information of
                      lepton+jets events",
      institution  = "CERN",
      address      = "Geneva",
      number       = "ATLAS-CONF-2011-121",
      month        = "Aug",
      year         = "2011",
}

% http://inspirehep.net/record/1090057
@article{DILEPTON_PAPER,
      author         = "Aad, Georges and others",
      title          = "{Measurement of the cross section for top-quark pair
                        production in pp collisions at $\sqrt{s} = 7$ TeV with the
                        ATLAS detector using final states with two high-pt
                        leptons}",
      collaboration  = "ATLAS Collaboration",
      journal        = "JHEP",
      volume         = "1205",
      pages          = "059",
      doi            = "10.1007/JHEP05(2012)059",
      year           = "2012",
      eprint         = "1202.4892",
      archivePrefix  = "arXiv",
      primaryClass   = "hep-ex",
      reportNumber   = "CERN-PH-EP-2011-223",
      SLACcitation   = "%%CITATION = ARXIV:1202.4892;%%",
}


% http://cdsweb.cern.ch/record/1385033
@techreport{ALL_HADRONIC_NOTE,
	author = "The ATLAS Collaboration",
      title        = "Measurement of $t\bar{t}$ production in the all-hadronic
                      channel in 1.02~$\mathrm{fb}^{-1}$ of pp collisions at
                      $\sqrt{s}=7$ TeV with the ATLAS detector",
      institution  = "CERN",
      address      = "Geneva",
      number       = "ATLAS-CONF-2011-140",
      month        = "Sep",
      year         = "2011",
}

% pdg: http://inspirehep.net/record/1126428?ln=en
@article{PARTICLE_DATA_GROUP,
      author         = "Beringer, J. and others",
      title          = "{Review of Particle Physics (RPP)}",
      collaboration  = "Particle Data Group",
      journal        = "Phys.Rev.",
      volume         = "D86",
      pages          = "010001",
      doi            = "10.1103/PhysRevD.86.010001",
      year           = "2012",
      SLACcitation   = "%%CITATION = PHRVA,D86,010001;%%",
}

% http://cdsweb.cern.ch/record/1372916
@techreport{CHARGE_ASYMMETRY,
	author = "The ATLAS Collaboration",
      title        = "Measurement of the charge asymmetry in top quark pair
                      production in pp collisions at sqrt{s}=7 TeV using the ATLAS
                      detector",
      institution  = "CERN",
      address      = "Geneva",
      number       = "ATLAS-CONF-2011-106",
      month        = "Aug",
      year         = "2011",
}



% http://inspirehep.net/record/1090422?ln=en
@article{SAME_SIGN_PAPER,
 author         = "Aad, Georges and others",
      title          = "{Search for same-sign top-quark production and
                        fourth-generation down-type quarks in $pp$ collisions at
                        $\sqrt{s}=7$ TeV with the ATLAS detector}",
      collaboration  = "ATLAS Collaboration",
      journal        = "JHEP",
      volume         = "1204",
      pages          = "069",
      doi            = "10.1007/JHEP04(2012)069",
      year           = "2012",
      eprint         = "1202.5520",
      archivePrefix  = "arXiv",
      primaryClass   = "hep-ex",
      reportNumber   = "CERN-PH-EP-2012-020",
      SLACcitation   = "%%CITATION = ARXIV:1202.5520;%%",
}

%%%%%%%%%%%%%%%%%%%%%%%%%%%%%%%%%%%%%%%%%%%%%%%%%%%%%%
%%%%%%%%%%%%%%%%%%%%%%%%%%%%%%%%%%%%%%%%%%%%%%%%%%%%%%
%%%%%%%%%%%%%%%%%%%%%%%%%%%%%%%%%%%%%%%%%%%%%%%%%%%%%%

%% Created using Papers on Fri, 29 Mar 2013.
%% http://mekentosj.com/papers/

@article{Anonymous:FSlIOI2n,
title = {{ConstraintsLikeSignTopsTevatron}},
year = {2011},
pages = {1--17},
month = jun
}

@article{Beringer:1481544,
author = {Beringer, J. and Arguin, J.-F. and Barnett, R M and Copic, K. and Dahl, O and Groom, D E and Lin, C J and Lys, J. and Murayama, H and Wohl, C G and Yao, W.-M. and Zyla, P A and Amsler, C and Antonelli, M. and Asner, D M and Baer, H and Band, H R and Basaglia, T and Bauer, C W and Beatty, J J and Belousov, V I and Bergren, E and Bernardi, G and Bertl, W and Bethke, S. and Bichsel, H and Biebel, O. and Blucher, E and Blusk, S and Brooijmans, G. and Buchmueller, O and Cahn, R N and Carena, M and Ceccucci, A and Chakraborty, D. and Chen, M C and Chivukula, R S and Cowan, G. and D'Ambrosio, G and Damour, T and de Florian, D and de Gouvea, A and DeGrand, T and de Jong, P. and Dissertori, G and Dobrescu, B and Doser, M and Drees, M and Edwards, D A and Eidelman, S and Erler, J and Ezhela, V V and Fetscher, W and Fields, B D and Foster, B and Gaisser, T K and Garren, L and Gerber, H J and Gerbier, G and Gherghetta, T and Golwala, S and Goodman, M and Grab, C and Gritsan, A V and Grivaz, J F and Grunewald, M and Gurtu, A and Gutsche, T and Haber, H E and Hagiwara, K and Hagmann, C and Hanhart, C and Hashimoto, S and Hayes, K G and Heffner, M and Heltsley, B and Hernandez-Rey, J J and Hikasa, K and Hocker, A and Holder, J and Holtkamp, A and Huston, J. and Jackson, J D and Johnson, K F and Junk, T and Karlen, D and Kirkby, D and Klein, S R and Klempt, E and Kowalewski, R V and Krauss, F and Kreps, M and Krusche, B and Kuyanov, Yu V and Kwon, Y and Lahav, O and Laiho, J and Langacker, P and Liddle, A and Ligeti, Z and Liss, T M and Littenberg, L and Lugovsky, K S and Lugovsky, S B and Mannel, T and Manohar, A V and Marciano, W J and Martin, A D and Masoni, A and Matthews, J and Milstead, D. and Miquel, R and M{\"o}nig, K. and Moortgat, F and Nakamura, K. and Narain, M and Nason, P and Navas, S and Neubert, M and Nevski, P. and Nir, Y and Olive, K A and Pape, L and Parsons, J. and Patrignani, C and Peacock, J A and Petcov, S T and Piepke, A and Pomarol, A and Punzi, G and Quadt, A. and Raby, S and Raffelt, G and Ratcliff, B N and Richardson, P and Roesler, S and Rolli, S. and Romaniouk, A. and Rosenberg, L J and Rosner, J L and Sachrajda, C T and Sakai, Y and Salam, G P and Sarkar, S and Sauli, F and Schneider, O and Scholberg, K and Scott, D and Seligman, W G and Shaevitz, M H and Sharpe, S R and Silari, M and Sjostrand, T and Skands, P and Smith, J G and Smoot, G F and Spanier, S and Spieler, H and Stahl, A and Stanev, T and Stone, S L and Sumiyoshi, T and Syphers, M J and Takahashi, F and Tanabashi, M and Terning, J and Titov, M and Tkachenko, N P and Tornqvist, N A and Tovey, D. and Valencia, G and van Bibber, K and Venanzoni, G and Vincter, M G and Vogel, P and Vogt, A and Walkowiak, W. and Walter, C W and Ward, D R and Watari, T and Weiglein, G and Weinberg, E J and Wiencke, L R and Wolfenstein, L and Womersley, J and Woody, C L and Workman, R L and Yamamoto, A. and Zeller, G P and Zenin, O V and Zhang, J. and Zhu, R Y and Harper, G and Lugovsky, V S and Schaffner, P},
title = {{Review of Particle Physics, 2012-2013. Review of Particle Properties}},
journal = {Phys. Rev. D},
year = {2012},
volume = {86},
number = {1},
pages = {010001},
annote = {The 2012 edition of Review of Particle Physics is published for the Particle Data Group as article 010001 in volume 86 of Physical Review D. This edition should be cited as: J. Beringer et al. (Particle Data Group), Phys. Rev. D 86, 010001 (2012).}
}

@article{Burns:2011xf,
author = {Burns, Eric and Fisher, Wade},
title = {{Testing the approximations described in 'Asymptotic formulae for likelihood-based tests of new physics'}},
eprint = {arXiv.org},
year = {2011},
volume = {hep-ex}
}

@article{Anonymous:N02WAg1N,
title = {{TopSingleLepton2010SummerUpdate}},
year = {2011},
pages = {1--10},
month = jul
}

@article{Anonymous:FVuD4KvN,
title = {{Measurement of the top quark pair production cross section in pp √ATLAS NOTEJuly 8, 2011collisions ats = 7 TeV in dilepton final states with ATLAS}},
year = {2011},
pages = {1--20},
month = jul
}

@article{Ko:2013wl,
author = {Ko, P and Omura, Yuji and Yu, Chaehyun},
title = {{Top Forward-backward asymmetry at the Tevatron vs. Charge asymmetry at the LHC in chiral $U(1)'$ models with flavored Higgs fields}},
eprint = {arXiv.org},
year = {2013},
volume = {hep-ph},
month = feb,
annote = {Contribution to HCP2012 Proceeding}
}

@article{Collaboration:2011hh,
author = {Collaboration, D0},
title = {{Forward-backward asymmetry in top quark-antiquark production}},
eprint = {arXiv.org},
year = {2011},
volume = {hep-ex},
month = jul
}

@article{Bhattacherjee:2011do,
author = {Bhattacherjee, Biplob and Biswal, Sudhansu S and Ghosh, Diptimoy},
title = {{Top quark forward-backward asymmetry at Tevatron and its implications at the LHC}},
eprint = {arXiv.org},
year = {2011},
volume = {hep-ph},
month = feb,
annote = {12 pages, 8 figures, discussions and references added, accepted for
  publication in Physical Review D (Rapid Communications)}
}

@article{Berger:2011vi,
author = {Berger, Edmond L},
title = {{Tevatron Top Quark Forward-Backward Asymmetry -- Implications for Same-sign Top Quark Pair Production}},
eprint = {arXiv.org},
year = {2011},
volume = {hep-ph},
month = sep,
annote = {7 pages, 5 figures; to be published in the Proceedings of the
  DPF-2011 Conference, Providence, RI, Aug 8 - 13, 2011}
}

@article{Anonymous:Ojv-UhDS,
title = {{TopChargeAsymmetry2011}},
year = {2011},
pages = {1--18},
month = aug
}

@article{Aaltonen:1318520,
author = {Collaboration, The CDF and Aaltonen, T},
title = {Evidence for a Mass Dependent Forward-Backward Asymmetry in Top Quark Pair Production},
eprint=arxiv.org,
year = {2010},
volume = {hep-ex},
pages = {112003},
month = dec,
annote = {Comments: 23 pages, 18 figures, submitted to Physical Review D 23 pages, 18 figures, submitted to Physical Review D}
}

@article{Collaboration:2009fd,
author = {Collaboration, The ATLAS},
title = {{Readiness of the ATLAS Liquid Argon Calorimeter for LHC Collisions}},
eprint = {arXiv.org},
year = {2009},
volume = {physics.ins-det},
month = dec
}

@article{Salam:2009tu,
author = {Salam, Gavin P},
title = {{Towards Jetography}},
eprint = {arXiv.org},
year = {2009},
volume = {hep-ph},
month = jun
}

@article{Jing:2009vu,
author = {Jing, S and Wanlong, L},
title = {{Topic Discovery Based on LDA Model with Fast Gibbs Sampling}},
year = {2009},
volume = {3},
pages = {91--95}
}

@techreport{ATLAS-CONF-2011-121,
title = {{Measurement of the ttbar production cross-section in pp collisions at sqrt{s} = 7 TeV using kinematic information of lepton+jets events}},
year = {2011},
address = {Geneva},
month = aug
}

@article{ATLAS:2012aa,
author = {Aad, Georges and {others}},
title = {{Measurement of the cross section for top-quark pair production in $pp$ collisions at $\sqrt{s}=7$ TeV with the ATLAS detector using final states with two high-pt leptons}},
eprint = {arXiv.org},
year = {2012},
volume = {1205},
pages = {059}
}

@article{Valassi:2003mu,
author = {Valassi, A},
title = {{Combining correlated measurements of several different physical quantities}},
journal = {Nucl.Instrum.Meth.},
year = {2003},
volume = {A500},
pages = {391--405}
}

@article{Anonymous:r4wy4lNb,
title = {{AsymmetricLeptonsForAsymmetricTops}},
year = {2011},
pages = {1--6},
month = apr
}

@techreport{ATLAS-CONF-2011-140,
title = {{Measurement of $t\bart$ production in the all-hadronic channel in 1.02~$\mathrmfb^{-1$ of pp collisions at $\sqrt{s}}=7$ TeV with the ATLAS detector}},
year = {2011},
address = {Geneva},
month = sep
}

@article{Aad:1376122,
author = {Aad, Georges and Abbott, Brad and Abdallah, Jalal and Abdelalim, Ahmed Ali and Abdesselam, Abdelouahab and Abdinov, Ovsat and Abi, Babak and Abolins, Maris and Abramowicz, Halina and Abreu, Henso and Acerbi, Emilio and Acharya, Bobby Samir and Adams, David and Addy, Tetteh and Adelman, Jahred and Aderholz, Michael and Adomeit, Stefanie and Adragna, Paolo and Adye, Tim and Aefsky, Scott and Aguilar-Saavedra, Juan Antonio and Aharrouche, Mohamed and Ahlen, Steven and Ahles, Florian and Ahmad, Ashfaq and Ahsan, Mahsana and Aielli, Giulio and Akdogan, Taylan and {\AA}kesson, Torsten Paul Ake and Akimoto, Ginga and Akimov, Andrei and Akiyama, Kunihiro and Alam, Mohammad and Alam, Muhammad Aftab and Albert, Justin and Albrand, Solveig and Aleksa, Martin and Aleksandrov, Igor and Alessandria, Franco and Alexa, Calin and Alexander, Gideon and Alexandre, Gauthier and Alexopoulos, Theodoros and Alhroob, Muhammad and Aliev, Malik and Alimonti, Gianluca and Alison, John and Aliyev, Magsud and Allport, Phillip and Allwood-Spiers, Sarah and Almond, John and Aloisio, Alberto and Alon, Raz and Alonso, Alejandro and Alviggi, Mariagrazia and Amako, Katsuya and Amaral, Pedro and Amelung, Christoph and Ammosov, Vladimir and Amorim, Antonio and Amor{\'o}s, Gabriel and Amram, Nir and Anastopoulos, Christos and Ancu, Lucian Stefan and Andari, Nansi and Andeen, Timothy and Anders, Christoph Falk and Anders, Gabriel and Anderson, Kelby and Andreazza, Attilio and Andrei, George Victor and Andrieux, Marie-Laure and Anduaga, Xabier and Angerami, Aaron and Anghinolfi, Francis and Anjos, Nuno and Annovi, Alberto and Antonaki, Ariadni and Antonelli, Mario and Antonov, Alexey and Antos, Jaroslav and Anulli, Fabio and Aoun, Sahar and Aperio Bella, Ludovica and Apolle, Rudi and Arabidze, Giorgi and Aracena, Ignacio and Arai, Yasuo and Arce, Ayana and Archambault, John-Paul and Arfaoui, Samir and Arguin, Jean-Francois and Arik, Engin and Arik, Metin and Armbruster, Aaron James and Arnaez, Olivier and Arnault, Christian and Artamonov, Andrei and Artoni, Giacomo and Arutinov, David and Asai, Shoji and Asfandiyarov, Ruslan and Ask, Stefan and {\AA}sman, Barbro and Asquith, Lily and Assamagan, Ketevi and Astbury, Alan and Astvatsatourov, Anatoli and Atoian, Grigor and Aubert, Bernard and Auerbach, Benjamin and Auge, Etienne and Augsten, Kamil and Aurousseau, Mathieu and Austin, Nicholas and Avolio, Giuseppe and Avramidou, Rachel Maria and Axen, David and Ay, Cano and Azuelos, Georges and Azuma, Yuya and Baak, Max and Baccaglioni, Giuseppe and Bacci, Cesare and Bach, Andre and Bachacou, Henri and Bachas, Konstantinos and Bachy, Gerard and Backes, Moritz and Backhaus, Malte and Badescu, Elisabeta and Bagnaia, Paolo and Bahinipati, Seema and Bai, Yu and Bailey, David and Bain, Travis and Baines, John and Baker, Oliver Keith and Baker, Mark and Baker, Sarah and Banas, Elzbieta and Banerjee, Piyali and Banerjee, Swagato and Banfi, Danilo and Bangert, Andrea Michelle and Bansal, Vikas and Bansil, Hardeep Singh and Barak, Liron and Baranov, Sergei and Barashkou, Andrei and Barbaro Galtieri, Angela and Barber, Tom and Barberio, Elisabetta Luigia and Barberis, Dario and Barbero, Marlon and Bardin, Dmitri and Barillari, Teresa and Barisonzi, Marcello and Barklow, Timothy and Barlow, Nick and Barnett, Bruce and Barnett, Michael and Baroncelli, Antonio and Barone, Gaetano and Barr, Alan and Barreiro, Fernando and Barreiro Guimar{\~a}es da Costa, Jo{\~a}o and Barrillon, Pierre and Bartoldus, Rainer and Barton, Adam Edward and Bartsch, Detlef and Bartsch, Valeria and Bates, Richard and Batkova, Lucia and Batley, Richard and Battaglia, Andreas and Battistin, Michele and Battistoni, Giuseppe and Bauer, Florian and Bawa, Harinder Singh and Beare, Brian and Beau, Tristan and Beauchemin, Pierre-Hugues and Beccherle, Roberto and Bechtle, Philip and Beck, Hans Peter and Beckingham, Matthew and Becks, Karl-Heinz and Beddall, Andrew and Beddall, Ayda and Bedikian, Sourpouhi and Bednyakov, Vadim and Bee, Christopher and Begel, Michael and Behar Harpaz, Silvia and Behera, Prafulla and Beimforde, Michael and Belanger-Champagne, Camille and Bell, Paul and Bell, William and Bella, Gideon and Bellagamba, Lorenzo and Bellina, Francesco and Bellomo, Massimiliano and Belloni, Alberto and Beloborodova, Olga and Belotskiy, Konstantin and Beltramello, Olga and Ben Ami, Sagi and Benary, Odette and Benchekroun, Driss and Benchouk, Chafik and Bendel, Markus and Benedict, Brian Hugues and Benekos, Nektarios and Benhammou, Yan and Benjamin, Douglas and Benoit, Mathieu and Bensinger, James and Benslama, Kamal and Bentvelsen, Stan and Berge, David and Bergeaas Kuutmann, Elin and Berger, Nicolas and Berghaus, Frank and Berglund, Elina and Ber...},
title = {{Measurement of the top quark pair production cross section in pp collisions at $\sqrt{s}$ = 7 TeV in dilepton final states with ATLAS}},
eprint = {arXiv.org},
year = {2011},
volume = {707},
pages = {459--477. 21 p},
month = aug
}

@article{Abazov:2011uk,
author = {Abazov, V M and Abbott, B. and Acharya, B S and Adams, M and Adams, T and Alexeev, G D and Alkhazov, G and Alton, A and Alverson, G and Alves, G A},
title = {{Forward-backward asymmetry in top quark-antiquark production}},
journal = {Physical Review D},
year = {2011},
volume = {84},
number = {11},
pages = {112005}
}

@article{Anonymous:sjA4b5fO,
title = {{MoriondTopCombinationWinter2011}},
year = {2011},
pages = {1--9},
month = mar
}

@article{Collaboration:2012vy,
author = {Collaboration, ATLAS},
title = {{Measurement of the cross section for top-quark pair production in pp collisions at sqrt(s) = 7 TeV with the ATLAS detector using final states with two high-pt leptons}},
eprint = {arXiv.org},
year = {2012},
volume = {hep-ex},
month = feb
}

@article{Anonymous:ta_XCney,
title = {{SingleTopD0UsingBLUE}},
year = {2011},
pages = {1--6},
month = jul
}

@article{Collaboration:2012vs,
author = {Collaboration, ATLAS},
title = {{Search for same-sign top-quark production and fourth-generation down-type quarks in pp collisions at sqrt(s) = 7 TeV with the ATLAS detector}},
eprint = {arXiv.org},
year = {2012},
volume = {hep-ex},
month = feb
}

@article{Collaboration:2010kq,
author = {Collaboration, The ATLAS},
title = {{Search for New Particles in Two-Jet Final States in 7 TeV Proton-Proton Collisions with the ATLAS Detector at the LHC}},
eprint = {arXiv.org},
year = {2010},
volume = {hep-ex},
month = aug
}

@article{ATLAS:2011cia,
title = {{Luminosity Determination in pp Collisions at sqrt(s) = 7 TeV using the ATLAS Detector in 2011}},
year = {2011},
number = {ATLAS-CONF-2011-116}
}

@article{James:1994vp,
author = {James, F},
title = {{Minuit}},
journal = {Reference Manual},
year = {1994}
}

@article{Collaboration:2001hx,
author = {Collaboration, CDF},
title = {{Measurement of the $t\bar{t}$ production cross section in $p\bar{p}$ collisions at $\sqrt{s}$ = 1.8 TeV}},
eprint = {arXiv.org},
year = {2001},
volume = {hep-ex},
month = jan,
annote = {The manuscript consists of 130 pages, 35 figures and 42 tables in
  RevTex. The manuscript is submitted to Physical Review D. Fixed typo in
  author list}
}

@article{Campbell:2006jf,
author = {Campbell, J M and Huston, J W and Stirling, W J},
title = {{Hard interactions of quarks and gluons: a primer for LHC physics}},
journal = {Reports on Progress in Physics},
year = {2006},
volume = {70},
number = {1},
pages = {89--193},
month = dec
}

@article{Collaboration:2002it,
author = {Collaboration, Dzero},
title = {{ttbar production cross section in ppbar collisions at sqrt{s} = 1.8 TeV}},
eprint = {arXiv.org},
year = {2002},
volume = {hep-ex},
month = may,
annote = {Submitted to Physical Review D, 63 pages, 37 figures}
}

@article{Collaboration:2011wk,
author = {Collaboration, The CMS},
title = {{Combination of top quark pair production cross section measurements}},
year = {2011},
pages = {1--13},
month = nov
}

@article{ATLAS:2011zha,
title = {{Measurement of the top quark pair production cross section in pp collisions at $\sqrt{s}=$ 7 TeV in $\mu$+$\tau$ final states with ATLAS.}},
year = {2011},
number = {ATLAS-CONF-2011-119}
}

@article{Anonymous:d2K4cLii,
title = {{TopLepJets2011CrossSection}},
year = {2011},
pages = {1--18},
month = aug
}

@article{ATLAS:2011kia,
title = {{Measurement of the top quark pair production cross-section based on a statistical combination of measurements of dilepton and single-lepton final states at √s = 7 TeV with the ATLAS detector}},
year = {2011}
}

@article{Anonymous:ljHpFHBW,
title = {{Combination of CDF Single Top Quark Searches with 2.2 fb−1 of Data}},
year = {2008},
pages = {1--14},
month = mar
}

@article{Contino:2008cx,
author = {Contino, Roberto and Servant, G{\'e}raldine},
title = {{Discovering the top partners at the LHC using same-sign dilepton final states}},
eprint = {arXiv.org},
year = {2008},
volume = {hep-ph},
month = jan
}

@article{Delaunay:2011eta,
author = {Delaunay, Cedric and Gedalia, Oram and Lee, Seung J and Perez, Gilad and Ponton, Eduardo},
title = {{Extraordinary Phenomenology from Warped Flavor Triviality}},
eprint = {arXiv.org},
year = {2011},
volume = {hep-ph},
month = jan
}

@article{Collaboration:2011hg,
author = {Collaboration, The ATLAS},
title = {{Measurement of the Muon Charge Asymmetry from W Bosons Produced in pp Collisions at sqrt(s) = 7 TeV with the ATLAS detector}},
eprint = {arXiv.org},
year = {2011},
volume = {hep-ex},
month = mar
}

@article{Berger:2010ih,
author = {Berger, Edmond L and Cao, Qing-Hong and Chen, Chuan-Ren and Shaughnessy, Gabe and Zhang, Hao},
title = {{Color Sextet Scalars in Early LHC Experiments}},
eprint = {arXiv.org},
year = {2010},
volume = {hep-ph},
month = may
}

@article{Antunano:2007dj,
author = {Antunano, Oscar and Kuhn, Johann H and Rodrigo, German},
title = {{Top Quarks, Axigluons and Charge Asymmetries at Hadron Colliders}},
eprint = {arXiv.org},
year = {2007},
volume = {hep-ph},
month = sep,
annote = {13 pages, 9 figures}
}

@article{Anonymous:6ztPNvZO,
title = {{TopQuarkFBAsymetrySameSign}},
year = {2011},
pages = {1--4},
month = apr
}

@article{Wang:2011tl,
author = {Wang, Lei and Wu, Lei and Yang, Jin Min},
title = {{Top quark forward-backward asymmetry and charge asymmetry in left-right twin Higgs model}},
eprint = {arXiv.org},
year = {2011},
volume = {hep-ph},
month = nov,
annote = {17 pages, 9 figures; matches the published version}
}

@article{Anonymous:D79isz4b,
title = {{singletop_rev}},
year = {2011},
pages = {1--26},
month = apr
}

@article{Anonymous:nwezyT37,
title = {{TopConf_Combination}},
year = {2011},
pages = {1--9},
month = mar
}

@article{Anonymous:plDyOysH,
title = {{EffectiveSameSignTopLHC}},
year = {2011},
pages = {1--5},
month = apr
}

@article{Delaunay:2011et,
author = {Delaunay, Cedric and Gedalia, Oram and Lee, Seung J and Perez, Gilad and Ponton, Eduardo},
title = {{Extraordinary Phenomenology from Warped Flavor Triviality}},
eprint = {arXiv.org},
year = {2011},
volume = {hep-ph},
month = jan
}

@article{Blei:2012ti,
author = {Blei, D M},
title = {{Probabilistic topic models}},
journal = {Communications of the ACM},
year = {2012},
volume = {55},
number = {4},
pages = {77--84}
}

@article{Langenfeld:2009ue,
author = {Langenfeld, U and Moch, S and Uwer, P},
title = {{New results for t bar t production at hadron colliders}},
eprint = {arXiv.org},
year = {2009},
volume = {hep-ph},
month = jul,
annote = {5 pages, 9 figures, to appear in the proceedings of the XVII
  International Workshop on Deep-Inelastic Scattering and Related Subjects, DIS
  2009, 26-30 April 2009, Madrid}
}

@article{Aliev:2010gj,
author = {Aliev, M. and Lacker, H. and Langenfeld, U and Moch, S and Uwer, P and Wiedermann, M},
title = {{-- HATHOR -- HAdronic Top and Heavy quarks crOss section calculatoR}},
eprint = {arXiv.org},
year = {2010},
volume = {hep-ph},
month = jul,
annote = {24 pages, Latex, 1 figure}
}

@article{Lyons:1988rp,
author = {Lyons, Louis and Gibaut, Duncan and Clifford, Peter},
title = {{HOW TO COMBINE CORRELATED ESTIMATES OF A SINGLE PHYSICAL QUANTITY}},
journal = {Nucl.Instrum.Meth.},
year = {1988},
volume = {A270},
pages = {110}
}

@article{Aad:2010ey,
author = {Aad, Georges and {others}},
title = {{Measurement of the top quark-pair production cross section with ATLAS in pp collisions at $\sqrt{s}=7$ TeV}},
eprint = {arXiv.org},
year = {2011},
volume = {C71},
pages = {1577}
}


%%%%%%%%%%%%%%%%%%%%%%%%%%%%%%%%%%%%%%%%%%%%%%%%%%%%%%%%%%%%%%%%%%%%%%%%%%%%%%%%
%%%%%%%%%%%%%%%%%%%%%%%%%%%%%%%%%%%%%%%%%%%%%%%%%%%%%%%%%%%%%%%%%%%%%%%%%%%%%%%%
%%%%%%%%%%%%%%%%%%%%%%%%%%%%%%%%%%%%%%%%%%%%%%%%%%%%%%%%%%%%%%%%%%%%%%%%%%%%%%%%


@article{approxnnlo1,
      author         = "Moch, S. and Uwer, P.",
      title          = "{Theoretical status and prospects for top-quark pair
                        production at hadron colliders}",
      journal        = "Phys.Rev.",
      volume         = "D78",
      pages          = "034003",
      doi            = "10.1103/PhysRevD.78.034003",
      year           = "2008",
      eprint         = "0804.1476",
      archivePrefix  = "arXiv",
      primaryClass   = "hep-ph",
      reportNumber   = "DESY-08-027, TTP08-14, SFB-CPP-08-21",
      SLACcitation   = "%%CITATION = ARXIV:0804.1476;%%",
}

@article{approxnnlo2,
      author         = "Moch, S. and Uwer, P.",
      title          = "{Heavy-quark pair production at two loops in QCD}",
      journal        = "Nucl.Phys.Proc.Suppl.",
      volume         = "183",
      pages          = "75-80",
      doi            = "10.1016/j.nuclphysbps.2008.09.085",
      year           = "2008",
      eprint         = "0807.2794",
      archivePrefix  = "arXiv",
      primaryClass   = "hep-ph",
      reportNumber   = "DESY-08-097, TTP-08-29, SFB-CPP-08-49",
      SLACcitation   = "%%CITATION = ARXIV:0807.2794;%%",
}

@article{Eberhardt:2012gv,
      author         = "Eberhardt, Otto and Herbert, Geoffrey and Lacker, Heiko
                        and Lenz, Alexander and Menzel, Andreas and others",
      title          = "{Impact of a Higgs boson at a mass of 126 GeV on the
                        standard model with three and four fermion generations}",
      year           = "2012",
      eprint         = "1209.1101",
      archivePrefix  = "arXiv",
      primaryClass   = "hep-ph",
      reportNumber   = "TTP12-034",
      SLACcitation   = "%%CITATION = ARXIV:1209.1101;%%",
}

@article{Holdom:2006mr,
      author         = "Holdom, B.",
      title          = "{The Discovery of the fourth family at the LHC: What
                        if?}",
      journal        = "JHEP",
      volume         = "0608",
      pages          = "076",
      doi            = "10.1088/1126-6708/2006/08/076",
      year           = "2006",
      eprint         = "hep-ph/0606146",
      archivePrefix  = "arXiv",
      primaryClass   = "hep-ph",
}

@article{Kribs:2007nz,
      author         = "Kribs, Graham D. and Plehn, Tilman and Spannowsky,
                        Michael and Tait, Timothy M.P.",
      title          = "{Four generations and Higgs physics}",
      journal        = "Phys.Rev.",
      volume         = "D76",
      pages          = "075016",
      doi            = "10.1103/PhysRevD.76.075016",
      year           = "2007",
      eprint         = "0706.3718",
      archivePrefix  = "arXiv",
      primaryClass   = "hep-ph",
}

@article{BarShalom:2012ms,
      author         = "Bar-Shalom, Shaouly and Geller, Michael and Nandi,
                        Soumitra and Soni, Amarjit",
      title          = "{Two Higgs doublets, a 4th generation and a 125 GeV
                        Higgs}",
      year           = "2012",
      eprint         = "1208.3195",
      archivePrefix  = "arXiv",
      primaryClass   = "hep-ph",
      SLACcitation   = "%%CITATION = ARXIV:1208.3195;%%",
}

@article{Hung:1997zj,
      author         = "Hung, P.Q.",
      title          = "{Minimal SU(5) resuscitated by longlived quarks and
                        leptons}",
      journal        = "Phys.Rev.Lett.",
      volume         = "80",
      pages          = "3000-3003",
      doi            = "10.1103/PhysRevLett.80.3000",
      year           = "1998",
      eprint         = "hep-ph/9712338",
      archivePrefix  = "arXiv",
      primaryClass   = "hep-ph",
}

@article{Hou:2008xd,
      author         = "Hou, Wei-Shu",
      title          = "{Source of CP Violation for the Baryon Asymmetry of the
                        Universe}",
      journal        = "Chin.J.Phys.",
      volume         = "47",
      pages          = "134",
      year           = "2009",
      eprint         = "0803.1234",
      archivePrefix  = "arXiv",
      primaryClass   = "hep-ph",
}

@article{Djouadi:2012ae,
      author         = "Djouadi, Abdelhak and Lenz, Alexander",
      title          = "{Sealing the fate of a fourth generation of fermions}",
      year           = "2012",
      eprint         = "1204.1252",
      archivePrefix  = "arXiv",
      primaryClass   = "hep-ph",
      reportNumber   = "LPT-ORSAY-12-31, CERN-PH-TH-2012-087",
      SLACcitation   = "%%CITATION = ARXIV:1204.1252;%%",
}

@article{Eberhardt:2012sb,
      author         = "Eberhardt, Otto and Herbert, Geoffrey and Lacker, Heiko
                        and Lenz, Alexander and Menzel, Andreas and others",
      title          = "{Joint analysis of Higgs decays and electroweak precision
                        observables in the Standard Model with a sequential fourth
                        generation}",
      year           = "2012",
      eprint         = "1204.3872",
      archivePrefix  = "arXiv",
      primaryClass   = "hep-ph",
      reportNumber   = "TTP-12-010",
      SLACcitation   = "%%CITATION = ARXIV:1204.3872;%%",
}

@article{Eberhardt:2012ck,
      author         = "Eberhardt, Otto and Lenz, Alexander and Menzel, Andreas
                        and Nierste, Ulrich and Wiebusch, Martin",
      title          = "{Status of the fourth fermion generation before
                        ICHEP2012: Higgs data and electroweak precision
                        observables}",
      year           = "2012",
      eprint         = "1207.0438",
      archivePrefix  = "arXiv",
      primaryClass   = "hep-ph",
      reportNumber   = "TTP12-023, CERN-PH-TH-2012-182",
      SLACcitation   = "%%CITATION = ARXIV:1207.0438;%%",
}

@article{Gerhold:2010wv,
      author         = "Gerhold, P. and Jansen, K. and Kallarackal, J.",
      title          = "{Higgs boson mass bounds in the presence of a very heavy
                        fourth quark generation}",
      journal        = "JHEP",
      volume         = "1101",
      pages          = "143",
      doi            = "10.1007/JHEP01(2011)143",
      year           = "2011",
      eprint         = "1011.1648",
      archivePrefix  = "arXiv",
      primaryClass   = "hep-lat",
      reportNumber   = "HU-EP-10-66, DESY-10-180",
      SLACcitation   = "%%CITATION = ARXIV:1011.1648;%%",
}

@article{Aaltonen:bprime_singlelepton,
      author         = "Aaltonen, T. and others",
      title          = "{Search for heavy bottom-like chiral quarks decaying 
                         to an electron or muon and jets}",
      collaboration  = "CDF Collaboration",
      journal        = "Conf. Note",
      volume         = "10243",
      pages          = "091801",
      doi            = "10.1103/PhysRevLett.104.091801",
      year           = "2010",
      eprint         = "0912.1057",
      archivePrefix  = "arXiv",
      primaryClass   = "hep-ex",
}

@article{Aaltonen:tprime,
      author         = "Aaltonen, T. and others",
      title          = "{Search for Heavy Top $t' \rightarrow W q$ in Lepton 
                         Plus Jets Events in 4.6 fb-1}",
      collaboration  = "CDF Collaboration",
      journal        = "Conf. Note",
      volume         = "10110",
      pages          = "091801",
      doi            = "10.1103/PhysRevLett.104.091801",
      year           = "2010",
      eprint         = "0912.1057",
      archivePrefix  = "arXiv",
      primaryClass   = "hep-ex",
}

@article{Aad:2012bt,
      author         = "Aad, Georges and others",
      title          = "{Search for pair-produced heavy quarks decaying to Wq in
                        the two-lepton channel at sqrt(s) = 7 TeV with the ATLAS
                        detector}",
      collaboration  = "ATLAS Collaboration",
      year           = "2012",
      eprint         = "1202.3389",
      archivePrefix  = "arXiv",
      primaryClass   = "hep-ex",
      reportNumber   = "CERN-PH-EP-2012-008",
      SLACcitation   = "%%CITATION = ARXIV:1202.3389;%%",
}

@article{Aad:2012xc,
      author         = "Aad, Georges and others",
      title          = "{Search for pair production of a heavy quark decaying to
                        a W boson and a b quark in the lepton+jets channel with
                        the ATLAS detector}",
      collaboration  = "ATLAS Collaboration",
      journal        = "Phys. Rev. Lett.",
      volume         = "108",
      pages          = "261802",
      doi            = "10.1103/PhysRevLett.108.261802",
      year           = "2012",
      eprint         = "1202.3076",
      archivePrefix  = "arXiv",
      primaryClass   = "hep-ex",
      reportNumber   = "CERN-PH-EP-2012-007",
      SLACcitation   = "%%CITATION = ARXIV:1202.3076;%%",
}

@article{CMS:2012ab,
      author         = "Chatrchyan, Serguei and others",
      title          = "{Search for heavy, top-like quark pair production in the
                        dilepton final state in $pp$ collisions at $\sqrt{s} = 7$
                        TeV}",
      collaboration  = "CMS Collaboration",
      year           = "2012",
      eprint         = "1203.5410",
      archivePrefix  = "arXiv",
      primaryClass   = "hep-ex",
      reportNumber   = "CMS-EXO-11-050, CERN-PH-EP-2012-081",
      SLACcitation   = "%%CITATION = ARXIV:1203.5410;%%",
}

@article{ATLAS:2012aw,
      author         = "Aad, Georges and others",
      title          = "{Search for down-type fourth generation quarks with the
                        ATLAS detector in events with one lepton and high
                        transverse momentum hadronically decaying W bosons in
                        sqrt(s) = 7 TeV pp collisions}",
      collaboration  = "ATLAS Collaboration",
      year           = "2012",
      eprint         = "1202.6540",
      archivePrefix  = "arXiv",
      primaryClass   = "hep-ex",
      reportNumber   = "CERN-PH-EP-2011-230",
      SLACcitation   = "%%CITATION = ARXIV:1202.6540;%%",
}

@article{Chatrchyan:2012yea,
      title          = "{Search for heavy bottom-like quarks in 4.9~\ifb{}
                        of pp collisions at $\sqrt{s} = 7 \TeV$}",
      collaboration  = "CMS",
      journal        = "JHEP",
      volume         = "1205",
      pages          = "123",
      doi            = "10.1007/JHEP05(2012)123",
      year           = "2012",
      eprint         = "1204.1088",
      archivePrefix  = "arXiv",
      primaryClass   = "hep-ex",
      reportNumber   = "CMS-EXO-11-036, CERN-PH-EP-2012-100",
      SLACcitation   = "%%CITATION = ARXIV:1204.1088;%%",
}

@article{Hung:2007ak,
      author         = "Hung, P.Q. and Sher, Marc",
      title          = "{Experimental constraints on fourth generation quark
                        masses}",
      journal        = "Phys.Rev.",
      volume         = "D77",
      pages          = "037302",
      doi            = "10.1103/PhysRevD.77.037302",
      year           = "2008",
      eprint         = "0711.4353",
      archivePrefix  = "arXiv",
      primaryClass   = "hep-ph",
}


@article{He:2001tp,
      author         = "He, Hong-Jian and Polonsky, Nir and Su, Shu-fang",
      title          = "{Extra families, Higgs spectrum and oblique corrections}",
      journal        = "Phys.Rev.",
      volume         = "D64",
      pages          = "053004",
      doi            = "10.1103/PhysRevD.64.053004",
      year           = "2001",
      eprint         = "hep-ph/0102144",
      archivePrefix  = "arXiv",
      primaryClass   = "hep-ph",
}

@article{Novikov:2001md,
      author         = "Novikov, V.A. and Okun, L.B. and Rozanov, Alexandre N.
                        and Vysotsky, M.I.",
      title          = "{Extra generations and discrepancies of electroweak
                        precision data}",
      journal        = "Phys.Lett.",
      volume         = "B529",
      pages          = "111-116",
      doi            = "10.1016/S0370-2693(02)01240-6",
      year           = "2002",
      eprint         = "hep-ph/0111028",
      archivePrefix  = "arXiv",
      primaryClass   = "hep-ph",
}

@article{Novikov:2002tk,
      author         = "Novikov, V.A. and Okun, L.B. and Rozanov, Alexandre N.
                        and Vysotsky, M.I.",
      title          = "{Mass of the Higgs versus fourth generation masses}",
      journal        = "JETP Lett.",
      volume         = "76",
      pages          = "127-130",
      doi            = "10.1134/1.1514752, 10.1134/1.1514752",
      year           = "2002",
      eprint         = "hep-ph/0203132",
      archivePrefix  = "arXiv",
      primaryClass   = "hep-ph",
}

@article{Chanowitz:2009mz,
      author         = "Chanowitz, Michael S.",
      title          = "{Bounding CKM Mixing with a Fourth Family}",
      journal        = "Phys.Rev.",
      volume         = "D79",
      pages          = "113008",
      doi            = "10.1103/PhysRevD.79.113008",
      year           = "2009",
      eprint         = "0904.3570",
      archivePrefix  = "arXiv",
      primaryClass   = "hep-ph",
}

@article{Chanowitz:2010bm,
      author         = "Chanowitz, Michael S.",
      title          = "{Higgs Mass Constraints on a Fourth Family: Upper and
                        Lower Limits on CKM Mixing}",
      journal        = "Phys.Rev.",
      volume         = "D",
      pages          = "035018",
      doi            = "10.1103/PhysRevD.82.035018",
      year           = "2010",
      eprint         = "1007.0043",
      archivePrefix  = "arXiv",
      primaryClass   = "hep-ph",
}

@article{Eberhardt:2010bm,
      author         = "Eberhardt, Otto and Lenz, Alexander and Rohrwild, Jurgen",
      title          = "{Less space for a new family of fermions}",
      year           = "2010",
      eprint         = "1005.3505",
      archivePrefix  = "arXiv",
      primaryClass   = "hep-ph",
}

@article{Yanir:2002cq,
      author         = "Yanir, Tomer",
      title          = "{Phenomenological constraints on extended quark sectors}",
      journal        = "JHEP",
      volume         = "0206",
      pages          = "044",
      year           = "2002",
      eprint         = "hep-ph/0205073",
      archivePrefix  = "arXiv",
      primaryClass   = "hep-ph",
}

@article{Hou:2005hd,
      author         = "Hou, Wei-Shu and Nagashima, Makiko and Soddu, Andrea",
      title          = "{Difference in B+ and B0 direct CP asymmetry as effect of
                        a fourth generation}",
      journal        = "Phys.Rev.Lett.",
      volume         = "95",
      pages          = "141601",
      doi            = "10.1103/PhysRevLett.95.141601",
      year           = "2005",
      eprint         = "hep-ph/0503072",
      archivePrefix  = "arXiv",
      primaryClass   = "hep-ph",
}

@article{Soni:2008bc,
      author         = "Soni, Amarjit and Alok, Ashutosh Kumar and Giri, Anjan
                        and Mohanta, Rukmani and Nandi, Soumitra",
      title          = "{The Fourth family: A Natural explanation for the
                        observed pattern of anomalies in B-CP asymmetries}",
      journal        = "Phys.Lett.",
      volume         = "B683",
      pages          = "302-305",
      doi            = "10.1016/j.physletb.2009.12.048",
      year           = "2010",
      eprint         = "0807.1971",
      archivePrefix  = "arXiv",
      primaryClass   = "hep-ph",
}

@article{Buras:2010pi,
      author         = "Buras, Andrzej J. and Duling, Bjorn and Feldmann,
                        Thorsten and Heidsieck, Tillmann and Promberger, Christoph
                        and others",
      title          = "{Patterns of Flavour Violation in the Presence of a
                        Fourth Generation of Quarks and Leptons}",
      journal        = "JHEP",
      volume         = "1009",
      pages          = "106",
      doi            = "10.1007/JHEP09(2010)106, 10.1007/JHEP09(2010)106",
      year           = "2010",
      note           = "* Temporary entry *",
      eprint         = "1002.2126",
      archivePrefix  = "arXiv",
      primaryClass   = "hep-ph",
}

@article{Buras:2010nd,
      author         = "Buras, Andrzej J. and Duling, Bjorn and Feldmann,
                        Thorsten and Heidsieck, Tillmann and Promberger, Christoph
                        and others",
      title          = "{The Impact of a 4th Generation on Mixing and CP
                        Violation in the Charm System}",
      journal        = "JHEP",
      volume         = "1007",
      pages          = "094",
      doi            = "10.1007/JHEP07(2010)094",
      year           = "2010",
      eprint         = "1004.4565",
      archivePrefix  = "arXiv",
      primaryClass   = "hep-ph",
}

@article{Bobrowski:2009ng,
      author         = "Bobrowski, Markus and Lenz, Alexander and Riedl, Johann
                        and Rohrwild, Jurgen",
      title          = "{How much space is left for a new family of fermions?}",
      journal        = "Phys.Rev.",
      volume         = "D79",
      pages          = "113006",
      doi            = "10.1103/PhysRevD.79.113006",
      year           = "2009",
      eprint         = "0902.4883",
      archivePrefix  = "arXiv",
      primaryClass   = "hep-ph",
}

@article{Aad:2012ak,
      author         = "Aad, Georges and others",
      title          = "{Search for pair production of a new quark that decays to
                        a Z boson and a bottom quark with the ATLAS detector}",
      collaboration  = "ATLAS Collaboration",
      journal        = "Phys.Rev.Lett.",
      year           = "2012",
      eprint         = "1204.1265",
      archivePrefix  = "arXiv",
      primaryClass   = "hep-ex",
      reportNumber   = "CERN-PH-EP-2012-073",
      SLACcitation   = "%%CITATION = ARXIV:1204.1265;%%",
}

@article{bprimetoZb_D0_LongLifetime,
      author         = "Aaltonen, T. and others",
      title          = "{Search for Long-Lived Particles Decaying into $Z$ bosons}",
      collaboration  = "D0 Collaboration",
      journal        = "Conf. Note",
      volume         = "5454",
      pages          = "091801",
      doi            = "10.1103/PhysRevLett.104.091801",
      year           = "2007",
      eprint         = "0912.1057",
      archivePrefix  = "arXiv",
      primaryClass   = "hep-ex",
}

@article{Aliev:2010zk,
      author         = "Aliev, M. and Lacker, H. and Langenfeld, U. and Moch, S.
                        and Uwer, P. and others",
      title          = "{HATHOR: HAdronic Top and Heavy quarks crOss section
                        calculatoR}",
      year           = "2010",
      eprint         = "1007.1327",
      archivePrefix  = "arXiv",
      primaryClass   = "hep-ph",
}


%Ref1. A.~Tricoli, A.~Cooper-Sarkar, C.~Gwenlan, Uncertainties on~W and Z production 
%at the LHC. CERN-2005-014, FERMILAB-CONF-05-586-E, IFUM-853-FT, hep-ex/0509002~(2005).

@Article{reweighting1,
     author    = "A.Tricoli and A.M.Cooper-Sarkar and C.Gwenlan",
     title     = "{Uncertainties on~$W$ and $Z$ production at the LHC}",
     journal   = "ATLAS-PHYS-CONF-2005-008",
     volume    = "",
     year      = "",
     pages     = "",
	eprint = "hep-ex/0509002v1", 
	archivePrefix = "arXiv", 
     doi       = "",
     SLACcitation  = "%%CITATION = ???NUPHA,22,579;%%"
}


@Misc{reweighting,
  title =        "PDFreweightingTool",
  howpublished =  "https://twiki.cern.ch/twiki/bin/view/AtlasProtected/PDFreweightingTool"
}


@Article{PYTHIA6.4,
     author    = "Torbjorn Sjostrand and Stephen Mrenna and Peter Skands",
     title     = "{PYTHIA 6.4 Physics and Manual}",
     journal   = "JHEP",
     volume    = "05",
     year      = "2006",
     pages     = "026",
     eprint    = "hep-ph/0603175",
     archivePrefix = "arXiv",
     SLACcitation  = "%%CITATION = HEP-PH/0603175;%%"
}

@Article{LOstar,
     author    = "Sherstnev, A. and Thorne, R. S.",
     title     = "{Parton Distributions for LO Generators}",
     journal   = "Eur. Phys. J.",
     volume    = "C55",
     year      = "2008",
     pages     = "553-575",
     eprint    = "0711.2473",
     archivePrefix = "arXiv",
     primaryClass  =  "hep-ph",
     doi       = "10.1140/epjc/s10052-008-0610-x",
     SLACcitation  = "%%CITATION = 0711.2473;%%"
}

@Article{LOstarstar,
     author    = "Sherstnev, A. and Thorne, R. S.",
     title     = "{Different PDF approximations useful for LO Monte Carlo
                  generators}",
     year      = "2008",
     eprint    = "0807.2132",
     archivePrefix = "arXiv",
     primaryClass  =  "hep-ph",
     doi       = "10.3360/dis.2008.149",
     SLACcitation  = "%%CITATION = 0807.2132;%%"
}

@unpublished{Simpson,
        author = "H. Simpson",
        title = "Proof of the {R}iemann {H}ypothesis",
        note = "preprint (2003), available at 
        \texttt{http://www.math.drofnats.edu/riemann.ps}",
}

@Article{CTEQ6,
     author    = "Pumplin, J. and others",
     title     = "{New generation of parton distributions with uncertainties
                  from global QCD analysis}",
     journal   = "JHEP",
     volume    = "07",
     year      = "2002",
     pages     = "012",
     eprint    = "hep-ph/0201195",
     archivePrefix = "arXiv",
     SLACcitation  = "%%CITATION = HEP-PH/0201195;%%"
}


@Article{Professor,
     author    = "Andy Buckley and Hendrik Hoeth and Heiko Lacker and Holger Schulz and Jan Eike von Seggern",
     title     = "{Systematic event generator tuning for the LHC}",
     journal   = "Eur. Phys. J.",
     volume    = "C65",
     year      = "2010",
     pages     = "331-357",
     eprint    = "0907.2973",
     archivePrefix = "arXiv",
     primaryClass  =  "hep-ph",
     doi       = "10.1140/epjc/s10052-009-1196-7",
     SLACcitation  = "%%CITATION = 0907.2973;%%"
}

@UNPUBLISHED{ATLASMC09tune,
   author = " ",
   title = "ATLAS Monte Carlo tunes for MC09",
   note = "Tech. Rep. ATL-PHYS-PUB-2010-002",
   address =      "CERN, Geneva",
   month = March,
   year = 2010
   }

@Article{Agile,
     author    = "Buckley, Andy",
     title     = "{CEDAR: tools for event generator tuning}",
     journal   = "PoS",
     volume    = "ACAT2007",
     year      = "2007",
     pages     = "050",
     eprint    = "0708.2655",
     archivePrefix = "arXiv",
     primaryClass  =  "hep-ph",
     SLACcitation  = "%%CITATION = 0708.2655;%%"
}

@Article{Rivet,
     author    = "Buckley, Andy and others",
     title     = "{Rivet user manual}",
     year      = "2010",
     eprint    = "1003.0694",
     archivePrefix = "arXiv",
     primaryClass  =  "hep-ph",
     SLACcitation  = "%%CITATION = 1003.0694;%%"
}


%Article{reweighting2,
%     author    = "A.~Tricoli",
%%     title     = "{Parton Densities at the LHC (RAL)}",
%}


@Article{CDF_lead_jet,
     author    = "Affolder, Anthony Allen and others",
 collaboration = "CDF",
     title     = "{Charged jet evolution and the underlying event in $p\bar{p}$ collisions at 1.8 TeV}",
     journal   = "Phys. Rev.",
     volume    = "D65",
     year      = "2002",
     pages     = "092002",
     doi       = "10.1103/PhysRevD.65.092002",
     SLACcitation  = "%%CITATION = PHRVA,D65,092002;%%"
}

@Article{CDF_min_bias,
     author = "Acosta, D. and others",
  collaboration = "CDF",
     title = "{Soft and hard interactions in $p\bar{p}$ collisions at $\sqrt{s}=1800$ and 630 GeV}",
     publisher = "American Physical Society",
     journal   = "Phys. Rev.",
     volume    = "D65",
     year      = "2002",
     pages = "072005",
     doi = "10.1103/PhysRevD.65.072005"
}



@Article{Glashow:1961tr,
     author    = "Glashow, S. L.",
     title     = "{Partial Symmetries of Weak Interactions}",
     journal   = "Nucl. Phys.",
     volume    = "22",
     year      = "1961",
     pages     = "579-588",
     doi       = "10.1016/0029-5582(61)90469-2",
     SLACcitation  = "%%CITATION = NUPHA,22,579;%%"
}

@Article{Weinberg:1967tq,
     author    = "Weinberg, Steven",
     title     = "{A Model of Leptons}",
     journal   = "Phys. Rev. Lett.",
     volume    = "19",
     year      = "1967",
     pages     = "1264-1266",
     doi       = "10.1103/PhysRevLett.19.1264",
     SLACcitation  = "%%CITATION = PRLTA,19,1264;%%"
}

@Book{sm_salam,
  author =       "A. Salam",
  title =        "in Elementary Particle Theory, p. 367",
  editor =       "N.~Svartholm",
  publisher =    "Alm\-qvist and Wiksell",
  address =      "Stockholm",
  year =         1968
}


@Misc{publication_policy,
  title =        "ATLAS Publication Policy",
  howpublished =  "available from the ATLAS Publication Committee web page: http://atlas.web.cern.ch/Atlas/GROUPS/GENERAL/SCINOTES/scinotes.html"
}


@Misc{Andy_032009,
  title =        "Professor tunes of Pythia6 to LO and mLO PDFs",
  howpublished =  "http://indico.cern.ch/conferenceDisplay.py?confId=54600"
}

@article{PDF_RW,
      author         = "Bourilkov, D and Group, R C and Whalley, M R",
      title          = "{LHAPDF: PDF use from the Tevatron to the LHC}",
      year           = "2006",
      eprint         = "hep-ph/0605240",
      archivePrefix  = "arXiv",
      primaryClass   = "hep-ph",
      SLACcitation   = "%%CITATION = HEP-PH/0605240;%%",
}


@article{TopPdfUncert,
      author         = "Duc Bao Ta",
      title          = "{TopPdfUncertainty}",
      SLACcitation   = "%%CITATION = https://twiki.cern.ch/twiki/bin/viewauth/AtlasProtected/TopPdfUncertainty;%%",
}      




@article{AUET2B,
      author         = "T~h~e A~T~L~A~S Collaboration",
      title          = "{ATLAS tunes of PYTHIA6 and Pythia 8 for MC11}",
      year           = "2011",
      eprint         = "0910.4183",
      reportNumber   = "ATL-PHYS-PUB-2011-009",
      SLACcitation   = "%%CITATION = https://cdsweb.cern.ch/record/1363300/files/ATL-PHYS-PUB-2011-009.pdf;%%",
}      
      

@article{MSTW2008LO,
      author         = "Martin, A.D. and Stirling, W.J. and Thorne, R.S. and
                        Watt, G.",
      title          = "{Parton distributions for the LHC}",
      journal        = "Eur.Phys.J.",
      volume         = "C63",
      pages          = "189-285",
      doi            = "10.1140/epjc/s10052-009-1072-5",
      year           = "2009",
      eprint         = "0901.0002",
      archivePrefix  = "arXiv",
      primaryClass   = "hep-ph",
      reportNumber   = "IPPP-08-95, DCPT-08-190, CAVENDISH-HEP-08-16",
      SLACcitation   = "%%CITATION = ARXIV:0901.0002;%%",
}

@article{MRSTLOX,
      author         = "Sherstnev, A. and Thorne, R.S.",
      title          = "{Parton Distributions for LO Generators}",
      journal        = "Eur.Phys.J.",
      volume         = "C55",
      pages          = "553-575",
      doi            = "10.1140/epjc/s10052-008-0610-x",
      year           = "2008",
      eprint         = "0711.2473",
      archivePrefix  = "arXiv",
      primaryClass   = "hep-ph",
      reportNumber   = "CAVENDISH-HEP-2007-12",
      SLACcitation   = "%%CITATION = ARXIV:0711.2473;%%",
}
@article{CT09MC2,
      author         = "Lai, Hung-Liang and Huston, Joey and Mrenna, Stephen and
                        Nadolsky, Pavel and Stump, Daniel and others",
      title          = "{Parton Distributions for Event Generators}",
      journal        = "JHEP",
      volume         = "1004",
      pages          = "035",
      doi            = "10.1007/JHEP04(2010)035",
      year           = "2010",
      eprint         = "0910.4183",
      archivePrefix  = "arXiv",
      primaryClass   = "hep-ph",
      reportNumber   = "FERMILAB-PUB-09-514-CD, MSUHEP-091021",
      SLACcitation   = "%%CITATION = ARXIV:0910.4183;%%",
}

@author{TWiki_AtlasProductionGroup,
      author         = {Twiki page: Atlas Production Group},
  url={https://twiki.cern.ch/twiki/bin/view/AtlasProtected/AtlasProductionGroup},
}

@author{AGO-0301,
      author         = {S. Agostinelli et~al.}, 
    title =  "Geant4: a simulation toolkit.",
  journal={Nucl. Instr. and Meth.}, 
 volume         = "A506",
 pages          = "250-303",
year=2003,
}


@author{SJO-0601, 
        author         = "T. Sjostrand and S. Mrenna and P.Z. Skands",
  title = "Pythia 6.4 physics and manual.",
journal={JHEP}, 
volume         = "0605",
  pages          = "026",
year=2006,
}

@author{FRI-0201,
  author = {S. Frixione and B.R. Webber},
  title="Matching nlo qcd computations and parton shower simulations.",
  journal={JHEP}, 
volume=0206,
pages=029, 
year=2002,
}

@author{Nadolsky:2008zw,
    author = "Pavel~M. Nadolsky et~al.",
    title =  {Implications of CTEQ global analysis for collider observables},
  journal={Phys. Rev.}, 
volume=D78,
pages=013004,
year=2008,
}

@author{PUB-2010-014,
  collaboration = {The ATLAS Collaboration},
    title = "First tuning of herwig/jimmy to atlas data",
 year=2010, 
reportNumber=ATL-PHYS-PUB-2010-014,
}

@article{approxnnlo1,
      author         = "Moch, S. and Uwer, P.",
      title          = "{Theoretical status and prospects for top-quark pair
                        production at hadron colliders}",
      journal        = "Phys.Rev.",
      volume         = "D78",
      pages          = "034003",
      doi            = "10.1103/PhysRevD.78.034003",
      year           = "2008",
      eprint         = "0804.1476",
      archivePrefix  = "arXiv",
      primaryClass   = "hep-ph",
      reportNumber   = "DESY-08-027, TTP08-14, SFB-CPP-08-21",
      SLACcitation   = "%%CITATION = ARXIV:0804.1476;%%",
}

@article{approxnnlo2,
      author         = "Moch, S. and Uwer, P.",
      title          = "{Heavy-quark pair production at two loops in QCD}",
      journal        = "Nucl.Phys.Proc.Suppl.",
      volume         = "183",
      pages          = "75-80",
      doi            = "10.1016/j.nuclphysbps.2008.09.085",
      year           = "2008",
      eprint         = "0807.2794",
      archivePrefix  = "arXiv",
      primaryClass   = "hep-ph",
      reportNumber   = "DESY-08-097, TTP-08-29, SFB-CPP-08-49",
      SLACcitation   = "%%CITATION = ARXIV:0807.2794;%%",
}


@article{Kribs:2007nz,
      author         = "Kribs, Graham D. and Plehn, Tilman and Spannowsky,
                        Michael and Tait, Timothy M.P.",
      title          = "{Four generations and Higgs physics}",
      journal        = "Phys.Rev.",
      volume         = "D76",
      pages          = "075016",
      doi            = "10.1103/PhysRevD.76.075016",
      year           = "2007",
      eprint         = "0706.3718",
      archivePrefix  = "arXiv",
      primaryClass   = "hep-ph",
}

@article{Hung:1997zj,
      author         = "Hung, P.Q.",
      title          = "{Minimal SU(5) resuscitated by longlived quarks and
                        leptons}",
      journal        = "Phys.Rev.Lett.",
      volume         = "80",
      pages          = "3000-3003",
      doi            = "10.1103/PhysRevLett.80.3000",
      year           = "1998",
      eprint         = "hep-ph/9712338",
      archivePrefix  = "arXiv",
      primaryClass   = "hep-ph",
}

@article{Hou:2008xd,
      author         = "Hou, Wei-Shu",
      title          = "{Source of CP Violation for the Baryon Asymmetry of the
                        Universe}",
      journal        = "Chin.J.Phys.",
      volume         = "47",
      pages          = "134",
      year           = "2009",
      eprint         = "0803.1234",
      archivePrefix  = "arXiv",
      primaryClass   = "hep-ph",
}

@article{Gerhold:2010wv,
      author         = "Gerhold, P. and Jansen, K. and Kallarackal, J.",
      title          = "{Higgs boson mass bounds in the presence of a very heavy
                        fourth quark generation}",
      journal        = "JHEP",
      volume         = "1101",
      pages          = "143",
      doi            = "10.1007/JHEP01(2011)143",
      year           = "2011",
      eprint         = "1011.1648",
      archivePrefix  = "arXiv",
      primaryClass   = "hep-lat",
      reportNumber   = "HU-EP-10-66, DESY-10-180",
      SLACcitation   = "%%CITATION = ARXIV:1011.1648;%%",
}

@article{Aaltonen:bprime_singlelepton,
      author         = "Aaltonen, T. and others",
      title          = "{Search for heavy bottom-like chiral quarks decaying 
                         to an electron or muon and jets}",
      collaboration  = "CDF Collaboration",
      journal        = "Conf. Note",
      volume         = "10243",
      pages          = "091801",
      doi            = "10.1103/PhysRevLett.104.091801",
      year           = "2010",
      eprint         = "0912.1057",
      archivePrefix  = "arXiv",
      primaryClass   = "hep-ex",
}

@article{Aaltonen:tprime,
      author         = "Aaltonen, T. and others",
      title          = "{Search for Heavy Top $t' \rightarrow W q$ in Lepton 
                         Plus Jets Events in 4.6 fb-1}",
      collaboration  = "CDF Collaboration",
      journal        = "Conf. Note",
      volume         = "10110",
      pages          = "091801",
      doi            = "10.1103/PhysRevLett.104.091801",
      year           = "2010",
      eprint         = "0912.1057",
      archivePrefix  = "arXiv",
      primaryClass   = "hep-ex",
}

@article{Aad:2012bt,
      author         = "Aad, Georges and others",
      title          = "{Search for pair-produced heavy quarks decaying to Wq in
                        the two-lepton channel at sqrt(s) = 7 TeV with the ATLAS
                        detector}",
      collaboration  = "ATLAS Collaboration",
      year           = "2012",
      eprint         = "1202.3389",
      archivePrefix  = "arXiv",
      primaryClass   = "hep-ex",
      reportNumber   = "CERN-PH-EP-2012-008",
      SLACcitation   = "%%CITATION = ARXIV:1202.3389;%%",
}

@article{Aad:2012xc,
      author         = "Aad, Georges and others",
      title          = "{Search for pair production of a heavy quark decaying to
                        a W boson and a b quark in the lepton+jets channel with
                        the ATLAS detector}",
      collaboration  = "ATLAS Collaboration",
      journal        = "Phys. Rev. Lett.",
      volume         = "108",
      pages          = "261802",
      doi            = "10.1103/PhysRevLett.108.261802",
      year           = "2012",
      eprint         = "1202.3076",
      archivePrefix  = "arXiv",
      primaryClass   = "hep-ex",
      reportNumber   = "CERN-PH-EP-2012-007",
      SLACcitation   = "%%CITATION = ARXIV:1202.3076;%%",
}

@article{CMS:2012ab,
      author         = "Chatrchyan, Serguei and others",
      title          = "{Search for heavy, top-like quark pair production in the
                        dilepton final state in $pp$ collisions at $\sqrt{s} = 7$
                        TeV}",
      collaboration  = "CMS Collaboration",
      year           = "2012",
      eprint         = "1203.5410",
      archivePrefix  = "arXiv",
      primaryClass   = "hep-ex",
      reportNumber   = "CMS-EXO-11-050, CERN-PH-EP-2012-081",
      SLACcitation   = "%%CITATION = ARXIV:1203.5410;%%",
}

@article{ATLAS:2012aw,
      author         = "Aad, Georges and others",
      title          = "{Search for down-type fourth generation quarks with the
                        ATLAS detector in events with one lepton and high
                        transverse momentum hadronically decaying W bosons in
                        sqrt(s) = 7 TeV pp collisions}",
      collaboration  = "ATLAS Collaboration",
      year           = "2012",
      eprint         = "1202.6540",
      archivePrefix  = "arXiv",
      primaryClass   = "hep-ex",
      reportNumber   = "CERN-PH-EP-2011-230",
      SLACcitation   = "%%CITATION = ARXIV:1202.6540;%%",
}

@article{Hung:2007ak,
      author         = "Hung, P.Q. and Sher, Marc",
      title          = "{Experimental constraints on fourth generation quark
                        masses}",
      journal        = "Phys.Rev.",
      volume         = "D77",
      pages          = "037302",
      doi            = "10.1103/PhysRevD.77.037302",
      year           = "2008",
      eprint         = "0711.4353",
      archivePrefix  = "arXiv",
      primaryClass   = "hep-ph",
}


@article{He:2001tp,
      author         = "He, Hong-Jian and Polonsky, Nir and Su, Shu-fang",
      title          = "{Extra families, Higgs spectrum and oblique corrections}",
      journal        = "Phys.Rev.",
      volume         = "D64",
      pages          = "053004",
      doi            = "10.1103/PhysRevD.64.053004",
      year           = "2001",
      eprint         = "hep-ph/0102144",
      archivePrefix  = "arXiv",
      primaryClass   = "hep-ph",
}

@article{Novikov:2001md,
      author         = "Novikov, V.A. and Okun, L.B. and Rozanov, Alexandre N.
                        and Vysotsky, M.I.",
      title          = "{Extra generations and discrepancies of electroweak
                        precision data}",
      journal        = "Phys.Lett.",
      volume         = "B529",
      pages          = "111-116",
      doi            = "10.1016/S0370-2693(02)01240-6",
      year           = "2002",
      eprint         = "hep-ph/0111028",
      archivePrefix  = "arXiv",
      primaryClass   = "hep-ph",
}

@article{Novikov:2002tk,
      author         = "Novikov, V.A. and Okun, L.B. and Rozanov, Alexandre N.
                        and Vysotsky, M.I.",
      title          = "{Mass of the Higgs versus fourth generation masses}",
      journal        = "JETP Lett.",
      volume         = "76",
      pages          = "127-130",
      doi            = "10.1134/1.1514752, 10.1134/1.1514752",
      year           = "2002",
      eprint         = "hep-ph/0203132",
      archivePrefix  = "arXiv",
      primaryClass   = "hep-ph",
}

@article{Chanowitz:2009mz,
      author         = "Chanowitz, Michael S.",
      title          = "{Bounding CKM Mixing with a Fourth Family}",
      journal        = "Phys.Rev.",
      volume         = "D79",
      pages          = "113008",
      doi            = "10.1103/PhysRevD.79.113008",
      year           = "2009",
      eprint         = "0904.3570",
      archivePrefix  = "arXiv",
      primaryClass   = "hep-ph",
}

@article{Chanowitz:2010bm,
      author         = "Chanowitz, Michael S.",
      title          = "{Higgs Mass Constraints on a Fourth Family: Upper and
                        Lower Limits on CKM Mixing}",
      journal        = "Phys.Rev.",
      volume         = "D",
      pages          = "035018",
      doi            = "10.1103/PhysRevD.82.035018",
      year           = "2010",
      eprint         = "1007.0043",
      archivePrefix  = "arXiv",
      primaryClass   = "hep-ph",
}

@article{Eberhardt:2010bm,
      author         = "Eberhardt, Otto and Lenz, Alexander and Rohrwild, Jurgen",
      title          = "{Less space for a new family of fermions}",
      year           = "2010",
      eprint         = "1005.3505",
      archivePrefix  = "arXiv",
      primaryClass   = "hep-ph",
}

@article{Yanir:2002cq,
      author         = "Yanir, Tomer",
      title          = "{Phenomenological constraints on extended quark sectors}",
      journal        = "JHEP",
      volume         = "0206",
      pages          = "044",
      year           = "2002",
      eprint         = "hep-ph/0205073",
      archivePrefix  = "arXiv",
      primaryClass   = "hep-ph",
}

@article{Hou:2005hd,
      author         = "Hou, Wei-Shu and Nagashima, Makiko and Soddu, Andrea",
      title          = "{Difference in B+ and B0 direct CP asymmetry as effect of
                        a fourth generation}",
      journal        = "Phys.Rev.Lett.",
      volume         = "95",
      pages          = "141601",
      doi            = "10.1103/PhysRevLett.95.141601",
      year           = "2005",
      eprint         = "hep-ph/0503072",
      archivePrefix  = "arXiv",
      primaryClass   = "hep-ph",
}

@article{Soni:2008bc,
      author         = "Soni, Amarjit and Alok, Ashutosh Kumar and Giri, Anjan
                        and Mohanta, Rukmani and Nandi, Soumitra",
      title          = "{The Fourth family: A Natural explanation for the
                        observed pattern of anomalies in B-CP asymmetries}",
      journal        = "Phys.Lett.",
      volume         = "B683",
      pages          = "302-305",
      doi            = "10.1016/j.physletb.2009.12.048",
      year           = "2010",
      eprint         = "0807.1971",
      archivePrefix  = "arXiv",
      primaryClass   = "hep-ph",
}

@article{Buras:2010pi,
      author         = "Buras, Andrzej J. and Duling, Bjorn and Feldmann,
                        Thorsten and Heidsieck, Tillmann and Promberger, Christoph
                        and others",
      title          = "{Patterns of Flavour Violation in the Presence of a
                        Fourth Generation of Quarks and Leptons}",
      journal        = "JHEP",
      volume         = "1009",
      pages          = "106",
      doi            = "10.1007/JHEP09(2010)106, 10.1007/JHEP09(2010)106",
      year           = "2010",
      note           = "* Temporary entry *",
      eprint         = "1002.2126",
      archivePrefix  = "arXiv",
      primaryClass   = "hep-ph",
}

@article{Buras:2010nd,
      author         = "Buras, Andrzej J. and Duling, Bjorn and Feldmann,
                        Thorsten and Heidsieck, Tillmann and Promberger, Christoph
                        and others",
      title          = "{The Impact of a 4th Generation on Mixing and CP
                        Violation in the Charm System}",
      journal        = "JHEP",
      volume         = "1007",
      pages          = "094",
      doi            = "10.1007/JHEP07(2010)094",
      year           = "2010",
      eprint         = "1004.4565",
      archivePrefix  = "arXiv",
      primaryClass   = "hep-ph",
}

@article{Bobrowski:2009ng,
      author         = "Bobrowski, Markus and Lenz, Alexander and Riedl, Johann
                        and Rohrwild, Jurgen",
      title          = "{How much space is left for a new family of fermions?}",
      journal        = "Phys.Rev.",
      volume         = "D79",
      pages          = "113006",
      doi            = "10.1103/PhysRevD.79.113006",
      year           = "2009",
      eprint         = "0902.4883",
      archivePrefix  = "arXiv",
      primaryClass   = "hep-ph",
}

@article{Aad:2012ak,
      author         = "Aad, Georges and others",
      title          = "{Search for pair production of a new quark that decays to
                        a Z boson and a bottom quark with the ATLAS detector}",
      collaboration  = "ATLAS Collaboration",
      journal        = "Phys.Rev.Lett.",
      year           = "2012",
      eprint         = "1204.1265",
      archivePrefix  = "arXiv",
      primaryClass   = "hep-ex",
      reportNumber   = "CERN-PH-EP-2012-073",
      SLACcitation   = "%%CITATION = ARXIV:1204.1265;%%",
}

@article{bprimetoZb_D0_LongLifetime,
      author         = "Aaltonen, T. and others",
      title          = "{Search for Long-Lived Particles Decaying into $Z$ bosons}",
      collaboration  = "D0 Collaboration",
      journal        = "Conf. Note",
      volume         = "5454",
      pages          = "091801",
      doi            = "10.1103/PhysRevLett.104.091801",
      year           = "2007",
      eprint         = "0912.1057",
      archivePrefix  = "arXiv",
      primaryClass   = "hep-ex",
}



%Ref1. A.~Tricoli, A.~Cooper-Sarkar, C.~Gwenlan, Uncertainties on~W and Z production 
%at the LHC. CERN-2005-014, FERMILAB-CONF-05-586-E, IFUM-853-FT, hep-ex/0509002~(2005).

@Article{reweighting1,
     author    = "A.Tricoli and A.M.Cooper-Sarkar and C.Gwenlan",
     title     = "{Uncertainties on~$W$ and $Z$ production at the LHC}",
     journal   = "ATLAS-PHYS-CONF-2005-008",
     volume    = "",
     year      = "",
     pages     = "",
	eprint = "hep-ex/0509002v1", 
	archivePrefix = "arXiv", 
     doi       = "",
     SLACcitation  = "%%CITATION = ???NUPHA,22,579;%%"
}


@Misc{reweighting,
  title =        "PDFreweightingTool",
  howpublished =  "https://twiki.cern.ch/twiki/bin/view/AtlasProtected/PDFreweightingTool"
}


@Article{LOstar,
     author    = "Sherstnev, A. and Thorne, R. S.",
     title     = "{Parton Distributions for LO Generators}",
     journal   = "Eur. Phys. J.",
     volume    = "C55",
     year      = "2008",
     pages     = "553-575",
     eprint    = "0711.2473",
     archivePrefix = "arXiv",
     primaryClass  =  "hep-ph",
     doi       = "10.1140/epjc/s10052-008-0610-x",
     SLACcitation  = "%%CITATION = 0711.2473;%%"
}

@Article{LOstarstar,
     author    = "Sherstnev, A. and Thorne, R. S.",
     title     = "{Different PDF approximations useful for LO Monte Carlo
                  generators}",
     year      = "2008",
     eprint    = "0807.2132",
     archivePrefix = "arXiv",
     primaryClass  =  "hep-ph",
     doi       = "10.3360/dis.2008.149",
     SLACcitation  = "%%CITATION = 0807.2132;%%"
}

@unpublished{Simpson,
        author = "H. Simpson",
        title = "Proof of the {R}iemann {H}ypothesis",
        note = "preprint (2003), available at 
        \texttt{http://www.math.drofnats.edu/riemann.ps}",
}

@Article{CTEQ6,
     author    = "Pumplin, J. and others",
     title     = "{New generation of parton distributions with uncertainties
                  from global QCD analysis}",
     journal   = "JHEP",
     volume    = "07",
     year      = "2002",
     pages     = "012",
     eprint    = "hep-ph/0201195",
     archivePrefix = "arXiv",
     SLACcitation  = "%%CITATION = HEP-PH/0201195;%%"
}


@Article{Professor,
     author    = "Andy Buckley and Hendrik Hoeth and Heiko Lacker and Holger Schulz and Jan Eike von Seggern",
     title     = "{Systematic event generator tuning for the LHC}",
     journal   = "Eur. Phys. J.",
     volume    = "C65",
     year      = "2010",
     pages     = "331-357",
     eprint    = "0907.2973",
     archivePrefix = "arXiv",
     primaryClass  =  "hep-ph",
     doi       = "10.1140/epjc/s10052-009-1196-7",
     SLACcitation  = "%%CITATION = 0907.2973;%%"
}

@UNPUBLISHED{ATLASMC09tune,
   author = " ",
   title = "ATLAS Monte Carlo tunes for MC09",
   note = "Tech. Rep. ATL-PHYS-PUB-2010-002",
   address =      "CERN, Geneva",
   month = March,
   year = 2010
   }

@Article{Agile,
     author    = "Buckley, Andy",
     title     = "{CEDAR: tools for event generator tuning}",
     journal   = "PoS",
     volume    = "ACAT2007",
     year      = "2007",
     pages     = "050",
     eprint    = "0708.2655",
     archivePrefix = "arXiv",
     primaryClass  =  "hep-ph",
     SLACcitation  = "%%CITATION = 0708.2655;%%"
}

@Article{Rivet,
     author    = "Buckley, Andy and others",
     title     = "{Rivet user manual}",
     year      = "2010",
     eprint    = "1003.0694",
     archivePrefix = "arXiv",
     primaryClass  =  "hep-ph",
     SLACcitation  = "%%CITATION = 1003.0694;%%"
}


%Article{reweighting2,
%     author    = "A.~Tricoli",
%%     title     = "{Parton Densities at the LHC (RAL)}",
%}


@Article{CDF_lead_jet,
     author    = "Affolder, Anthony Allen and others",
 collaboration = "CDF",
     title     = "{Charged jet evolution and the underlying event in $p\bar{p}$ collisions at 1.8 TeV}",
     journal   = "Phys. Rev.",
     volume    = "D65",
     year      = "2002",
     pages     = "092002",
     doi       = "10.1103/PhysRevD.65.092002",
     SLACcitation  = "%%CITATION = PHRVA,D65,092002;%%"
}

@Article{CDF_min_bias,
     author = "Acosta, D. and others",
  collaboration = "CDF",
     title = "{Soft and hard interactions in $p\bar{p}$ collisions at $\sqrt{s}=1800$ and 630 GeV}",
     publisher = "American Physical Society",
     journal   = "Phys. Rev.",
     volume    = "D65",
     year      = "2002",
     pages = "072005",
     doi = "10.1103/PhysRevD.65.072005"
}



@Article{Glashow:1961tr,
     author    = "Glashow, S. L.",
     title     = "{Partial Symmetries of Weak Interactions}",
     journal   = "Nucl. Phys.",
     volume    = "22",
     year      = "1961",
     pages     = "579-588",
     doi       = "10.1016/0029-5582(61)90469-2",
     SLACcitation  = "%%CITATION = NUPHA,22,579;%%"
}

@Article{Weinberg:1967tq,
     author    = "Weinberg, Steven",
     title     = "{A Model of Leptons}",
     journal   = "Phys. Rev. Lett.",
     volume    = "19",
     year      = "1967",
     pages     = "1264-1266",
     doi       = "10.1103/PhysRevLett.19.1264",
     SLACcitation  = "%%CITATION = PRLTA,19,1264;%%"
}

@Book{sm_salam,
  author =       "A. Salam",
  title =        "in Elementary Particle Theory, p. 367",
  editor =       "N.~Svartholm",
  publisher =    "Alm\-qvist and Wiksell",
  address =      "Stockholm",
  year =         1968
}


@Misc{publication_policy,
  title =        "ATLAS Publication Policy",
  howpublished =  "available from the ATLAS Publication Committee web page: http://atlas.web.cern.ch/Atlas/GROUPS/GENERAL/SCINOTES/scinotes.html"
}


@Misc{Andy_032009,
  title =        "Professor tunes of Pythia6 to LO and mLO PDFs",
  howpublished =  "http://indico.cern.ch/conferenceDisplay.py?confId=54600"
}

@article{PDF_RW,
      author         = "Bourilkov, D and Group, R C and Whalley, M R",
      title          = "{LHAPDF: PDF use from the Tevatron to the LHC}",
      year           = "2006",
      eprint         = "hep-ph/0605240",
      archivePrefix  = "arXiv",
      primaryClass   = "hep-ph",
      SLACcitation   = "%%CITATION = HEP-PH/0605240;%%",
}


@article{TopPdfUncert,
      author         = "Duc Bao Ta",
      title          = "{TopPdfUncertainty}",
      SLACcitation   = "%%CITATION = https://twiki.cern.ch/twiki/bin/viewauth/AtlasProtected/TopPdfUncertainty;%%",
}      




@article{AUET2B,
      author         = "T~h~e A~T~L~A~S Collaboration",
      title          = "{ATLAS tunes of PYTHIA6 and Pythia 8 for MC11}",
      year           = "2011",
      eprint         = "0910.4183",
      reportNumber   = "ATL-PHYS-PUB-2011-009",
      SLACcitation   = "%%CITATION = https://cdsweb.cern.ch/record/1363300/files/ATL-PHYS-PUB-2011-009.pdf;%%",
}      
      

@article{MSTW2008LO,
      author         = "Martin, A.D. and Stirling, W.J. and Thorne, R.S. and
                        Watt, G.",
      title          = "{Parton distributions for the LHC}",
      journal        = "Eur.Phys.J.",
      volume         = "C63",
      pages          = "189-285",
      doi            = "10.1140/epjc/s10052-009-1072-5",
      year           = "2009",
      eprint         = "0901.0002",
      archivePrefix  = "arXiv",
      primaryClass   = "hep-ph",
      reportNumber   = "IPPP-08-95, DCPT-08-190, CAVENDISH-HEP-08-16",
      SLACcitation   = "%%CITATION = ARXIV:0901.0002;%%",
}

@article{MRSTLOX,
      author         = "Sherstnev, A. and Thorne, R.S.",
      title          = "{Parton Distributions for LO Generators}",
      journal        = "Eur.Phys.J.",
      volume         = "C55",
      pages          = "553-575",
      doi            = "10.1140/epjc/s10052-008-0610-x",
      year           = "2008",
      eprint         = "0711.2473",
      archivePrefix  = "arXiv",
      primaryClass   = "hep-ph",
      reportNumber   = "CAVENDISH-HEP-2007-12",
      SLACcitation   = "%%CITATION = ARXIV:0711.2473;%%",
}
@article{CT09MC2,
      author         = "Lai, Hung-Liang and Huston, Joey and Mrenna, Stephen and
                        Nadolsky, Pavel and Stump, Daniel and others",
      title          = "{Parton Distributions for Event Generators}",
      journal        = "JHEP",
      volume         = "1004",
      pages          = "035",
      doi            = "10.1007/JHEP04(2010)035",
      year           = "2010",
      eprint         = "0910.4183",
      archivePrefix  = "arXiv",
      primaryClass   = "hep-ph",
      reportNumber   = "FERMILAB-PUB-09-514-CD, MSUHEP-091021",
      SLACcitation   = "%%CITATION = ARXIV:0910.4183;%%",
}

@author{Alioli:2009je,
  author =   "Simone Alioli, Paolo Nason, Carlo Oleari, and Emanuele Re.",
    title =  {NLO single-top production matched with shower in POWHEG: s- and t-channel contributions},
  journal={JHEP}, 
volume=09,
pages=111, 
year=2009,
}

@author{Aliev:2010,
author         = "Aliev, M. and Lacker, H. and Langenfeld, U. and Moch, S. and Uwer, P. and others",
title = "{HATHOR: HAdronic Top and Heavy quarks crOss section calculatoR}",
journal        = "Comput.Phys.Commun.",
volume         = "182",
pages          = "1034-1046",
doi            = "10.1016/j.cpc.2010.12.040",
year           = "2011",
eprint         = "1007.1327",
archivePrefix  = "arXiv",
primaryClass   = "hep-ph",
reportNumber   = "DESY-10-091, HU-EP-10-33, SFB-CPP-10-60",
SLACcitation   = "%%CITATION = ARXIV:1007.1327;%%",
}

@author{Kidonakis:2011wy,
  author =   "Nikolaos Kidonakis",
    title =  {Next-to-next-to-leading-order collinear and soft gluon corrections for t-channel single top quark production},
  journal ={Phys. Rev.}, 
volume=D83,
pages=091503, 
year=2011,
}

@author{Kidonakis:2010tc,
  author =   "Nikolaos Kidonakis.",
    title =  {NNLL resummation for s-channel single top quark production},
  journal={Phys. Rev.}, 
volume=D81,
pages=054028, 
year=2010,
}

@author{Kidonakis:2010ux,
  author =   "Nikolaos Kidonakis.",
    title =  {Two-loop soft anomalous dimensions for single top quark associated production with a W- or H-},
  journal={Phys. Rev.}, 
volume=D82,
pages=054018, 
year=2010,
}

@author{FRI-0701,
  author =   {S. Frixione, P. Nason and C. Oleari},
    title =  "Matching nlo qcd computations with parton shower simulations: the powheg method.",
  journal={JHEP}, 
volume=0711,
pages=070, 
year=2007,
}

@article{MAN-0301,
  author =   {M.L. Mangano et~al.},
    title =  "Alpgen, a generator for hard multiparton processes in hadronic collisions.",
  journal={JHEP}, 
volume=0307,
pages=001, 
year=2003,
}

@author{GLE-0901,
  author =   {T.~Gleisberg et al.},
    title =  "Event generation with sherpa 1.1.",
  journal={JHEP}, 
volume=0902,
pages=007, 
year=2009,
}

@author{Wiki_TopSystematicUncertainties,
    title =  {Twiki page: TopSystematicUncertainties},
  url={https://twiki.cern.ch/twiki/bin/view/AtlasProtected/TopSystematicUncertainties},
}

@author{Wiki_HforTool,
    title =  {Twiki page: Heavy Flavor Overlap Removal Tool},
  url={https://twiki.cern.ch/twiki/bin/view/AtlasProtected/HforTool},
}

@author{COM-PHYS-2010-695,
  author =   {The ATLAS Collaboration},
  reportNumber={ATL-COM-PHYS-2010-695}, 
year=2010,
}

@author{Wiki_TopMC10For2011Data,
    title =  {Twiki page: Top group's MC10(a,b) For 2011 Data},
  url={https://twiki.cern.ch/twiki/bin/view/AtlasProtected/TopMC10For2011Data},
}

@author{TWiki_MCPpostPLHC,
    title =  {Twiki page: Guidelines for Analyses of 2011 Data for EPS},
  url={https://twiki.cern.ch/twiki/bin/view/AtlasProtected/MCPAnalysisGuidelinesEPS2011},
}

@author{2010:note1,
  author =   {N.~Benekos {\it et al.}},
    title =  {Lepton Trigger and Identification for the first Top quark observation},
  reportNumber={ATL-COM-PHYS-2010-826},
year=2010,
}

@author{2011:noteM1,
  author =   {N.~Benekos {\it et al.}},
    title =  {Lepton trigger and identification for the Winter 2011 top quark analyses},
  reportNumber={ATL-COM-PHYS-2011-123},
}

@author{Talk_MuCombBug,
    title =  {MuComb inefficiencies in MC10b},
  url={https://indico.cern.ch/getFile.py/access?contribId=3$\&$resId=0\\$\&$materialId=slides$\&$confId=129115},
}

@author{2010:pdg,
author         = "Nakamura, K. and others",
title          = "{Review of particle physics}",
collaboration  = "Particle Data Group",
journal        = "J.Phys.G",
volume         = "G37",
pages          = "075021",
doi            = "10.1088/0954-3899/37/7A/075021",
year           = "2010",
reportNumber   = "FERMILAB-PUB-10-665-PPD",
SLACcitation   = "%%CITATION = JPHGB,G37,075021;%%",
}

@author{muonsftoolEPS,
    title =  {SVN repository address for the top muon SF tool},
  url={https://svnweb.cern.ch/trac/atlasoff/browser/\\PhysicsAnalysis/TopPhys/TopPhysUtils/TopMuonSFUtils/trunk/muon$\_$SF$\_$EPS.h},
}

@author{ATL-COM-DAQ-2011-008,
  author =   {J.T.~Childers{\it et al.}},
    title =  "Performance of the electron and photon trigger in p-p collisions at sqrt(s) = 7 tev.",
  reportNumber={ATL-COM-DAQ-2011-008},
}

@author{ATL_EGAMMA_NOTE,
  author =   {The e/gamma combined performance group},
    title =  "Electron performance in the atlas experiment.",
  reportNumber={ATL-COM-PHYS-2010-208},
}

@author{ATL_EGAMMA_PERF,
  author =   {The e/gamma combined performance group},
    title =  "Electron efficiency measurements using atlas 2010 data at sqrt(s) = 7 TeV,",
url= "https://twiki.cern.ch/twiki/bin/view/atlasprotected/efficiencymeasurements",
  reportNumber={ATL-COM-PHYS-2011-322},
}

@author{SFtool,
  url=https://twiki.cern.ch/twiki/bin/view/atlasprotected/topelectronsftoolrelease16.
}

@author{ESCALE,
  author =   {M.~Agustoni {\it et al.}},
    title =  "Electron energy scale in-situ calibration and performance.",
  reportNumber={ATL-COM-PHYS-2011-263},
year=2011,
}
  
@author{ESCALE_TOOL,
    title =  "ESCALE_TOOL",
  url=https://twiki.cern.ch/twiki/bin/view/atlasprotected/energyrescaler,
}
  
@author{Cacciari200657,
  author =   "Matteo Cacciari and Gavin~P. Salam.",
    title =  "Dispelling the n3 myth for the kt jet-finder.",
  journal={Physics Letters B}, 
volume=641(1):
pages=57-61, 
year=2006.
}

@author{JetRecoEfficiencyConfNote0,
  author = "B.Butler and A.Schwartzman.",
    title = "Track-jet reconstruction and performance.",
  reportNumber=ATL-PHYS-INT-2010-040, 
   address = "CERN, Geneva",
year=2010,
}

@author{JetRecoEfficiencyConfNote1,
  author =   {The ATLAS Collaboration},
    title =  "Jet energy resolution and reconstruction efficiencies from in-situ techniques with the atlas detector using proton-proton collisions at a center of mass energy sqrts = 7 tev.",
  note="Technical Report", 
number=ATLAS-CONF-2010-054, 
address = "CERN, Geneva", 
year=2010,
}

@author{Romeo:1334193,
  author =   "G~Romeo, A~Schwartzman, R~Piegaia, T~Carli, and R~Teuscher.",
    title =  "Jet energy resolution from in-situ techniques with the atlas detector using proton-proton collisions at a center of mass energy $\sqrt{s}$ = 7 tev.",
  note="Technical Report ",
number=reportNumber={ATL-COM-PHYS-2011-240}, 
address="CERN, Geneva", 
year=2011,
}

@author{note3,
  author =   "A~Canepa, D~Cinca, S~Farrell, H~Garitaonandia~Elejabarrieta, U~Grundler, K~Johns, V~Kaushik, H~Khandanya, X~Lei, JR~Lessard, T~Liss, I~Nugent, H~Okawa, D~Pallin, A~Taffard, B~Toggerson, and M~Watson.",
    title =  "Missing transverse energy for top physics analyses with early atlas data at $sqrt{s}$=7~tev.",
  note="Technical Report ",
number=reportNumber={ATL-COM-PHYS-2010-821}, 
address="CERN, Geneva", 
year=2010,
%Supporting document for top paper.
}

@author{TopMETTool,
    title =  "Tool for met uncertainties.",
  url=https://twiki.cern.ch/twiki/bin/view/AtlasProtected/TopETmissLiaison\_EPS\#Tool\_for\_MET\_Uncertainties,
  year=2011,
}

@author{METNote,
  author =   "M~Antonelli, D~Cavalli, E~Dobson, N~Ilic, K~Lie, C~Pizio, S~Resconi, R~Simoniello, M~Simonyan, T~Sumida, M~Testa, R~Teuscher, V~Tsiskaridze, I~Vichou, I~Vivarelli, and A~Yurkewicz.",
    title =  "Reconstruction and calibration of missing transverse energy and performance in z and w events in atlas proton-proton collisions at 7 tev.",
  note="Technical Report ",
number=ATLAS-COM-CONF-2011-035, 
address="CERN, Geneva", 
year=2011, 
}

@author{BCHTwiki,
    title =  Fakemetestimator, 
  url=https://twiki.cern.ch/twiki/bin/view/AtlasProtected/FakeMetEstimator, 
year=2011, 
}

@author{sstops, 
  author = "  J.~Cao, L.~Wang, L.~Wu and J.~M.~Yang,
    title =  "Top quark forward-backward asymmetry, FCNC decays and like-sign pair production as a joint probe of new physics",
archivePrefix="arXiv",
primaryClass="hep-ph",
eprint=1101.4456,
}

@author{sstops2,
  author = "  E.~L.~Berger, Q.~H.~Cao, C.~R.~Chen, C.~S.~Li and H.~Zhang",
  %% CITATION = ARXIV:1101.4456;%%
    title =  "Top Quark Forward-Backward Asymmetry and Same-Sign Top Quark Pairs",
archivePrefix="arXiv",
primaryClass="hep-ph",
eprint=1101.5625,
  %% CITATION = ARXIV:1101.5625;%%
}

@author{Frampton:1999xi,
  author = "  P.~H.~Frampton, P.~Q.~Hung, M.~Sher",
    title =  "Quarks and leptons beyond the third generation",
  Phys.\ Rept.\  {\bf 330}, 263 (2000), 
  % [hep-ph/9903387].
  % \cite{Berger:2010fy}
}
@author{Berger:2010fy,
  author = "  E.~L.~Berger, Q.~H.~Cao, C.~R.~Chen, G.~Shaughnessy and H.~Zhang,
    title =  "Color Sextet Scalars in Early LHC Experiments",
  Phys.\ Rev.\ Lett.\  {\bf 105} (2010) 181802
  [arXiv:1005.2622 [hep-ph]];
  %% CITATION = PRLTA,105,181802;%%
  % \cite{Zhang:2010kr}
}
@author{Zhang:2010kr,
  author = "  H.~Zhang, E.~L.~Berger, Q.~H.~Cao, C.~R.~Chen and G.~Shaughnessy",
    title =  "Color Sextet Vector Bosons and Same-Sign Top Quark Pairs at the LHC",
  Phys.\ Lett.\  B {\bf 696}, 68 (2011)
  [arXiv:1009.5379 [hep-ph]], 
  %% CITATION = PHLTA,B696,68;%%
  % \cite{Jung:2009jz}
}

@author{Jung:2009jz,
  author = "  S.~Jung, H.~Murayama, A.~Pierce and J.~D.~Wells",
    title =  "Top quark forward-backward asymmetry from new t-channel physics",
  Phys.\ Rev.\  D {\bf 81} (2010) 015004
  {\tt [0907.4112 [hep-ph]]};
  %% CITATION = PHRVA,D81,015004;%%
  % \cite{Cao:2009uz}
}

@author{Cao:2009uz,
  author = "  J.~Cao, Z.~Heng, L.~Wu and J.~M.~Yang",
    title =  "Top quark forward-backward asymmetry at the Tevatron: a comparative study in different new physics models",
  Phys.\ Rev.\  D {\bf 81}, 014016 (2010)
  {\tt [0912.1447 [hep-ph]]};
  %% CITATION = PHRVA,D81,014016;%%
  % \cite{Choudhury:2010cd}
}

@author{Choudhury:2010cd,
  author = "  D.~Choudhury, R.~M.~Godbole, S.~D.~Rindani and P.~Saha",
    title =  "Top polarization, forward-backward asymmetry and new physics",
  {\tt 1012.4750 [hep-ph]};
  %% CITATION = ARXIV:1012.4750;%%
  % \cite{Cao:2011ew}
}

@author{Cao:2011ew,
  author = "  J.~Cao, L.~Wang, L.~Wu and J.~M.~Yang",
    title =  "Top quark forward-backward asymmetry, FCNC decays and like-sign pair production as a joint probe of new physics",
  {\tt 1101.4456 [hep-ph]};
  %% CITATION = ARXIV:1101.4456;%%
  % \cite{Bhattacherjee:2011nr}
}

@author{Bhattacherjee:2011nr,
  author = "  B.~Bhattacherjee, S.~S.~Biswal and D.~Ghosh",
    title =  "Top quark forward-backward asymmetry at Tevatron and its implications at the LHC",
  {\tt 1102.0545 [hep-ph]};
  %% CITATION = ARXIV:1102.0545;%%
  % \cite{Berger:2011ua}
}

@author{Berger:2011ua,
  author = "  E.~L.~Berger, Q.~H.~Cao, C.~R.~Chen, C.~S.~Li and H.~Zhang",
    title =  "Top Quark Forward-Backward Asymmetry and Same-Sign Top Quark Pairs",
  {\tt 1101.5625 [hep-ph]},
  %% CITATION = ARXIV:1101.5625;%%
  % \cite{AguilarSaavedra:2011zy}
}

@author{AguilarSaavedra:2011zy,
  author = "  J.~A.~Aguilar-Saavedra and M.~Perez-Victoria",
      title ="No like-sign tops at Tevatron: Constraints on extended models and implications for the t tbar asymmetry",
  arXiv:1104.1385 [hep-ph], 
  %% CITATION = ARXIV:1104.1385;%%
}

@author{CDFtt,
  author = "  T. Aaltonen et al. [CDF Collaboration], CDF note 10466
  %% CITATION = NONE;%%
}  

% \cite{AguilarSaavedra:2010zi}
@author{AguilarSaavedra:2010zi,
  author = "  J.~A.~Aguilar-Saavedra",
    title =  "Effective four-fermion operators in top physics: a roadmap",
  Nucl.\ Phys.\  B {\bf 843} (2011) 638
  [arXiv:1008.3562 [hep-ph]], 
  %% CITATION = NUPHA,B843,638;%%
}

% \cite{Contino:2008hi}
@article{Contino:2008hi,
  author = "  R.~Contino and G.~Servant",
    title =  "Discovering the top partners at the LHC using same-sign dilepton final states",
  journal="JHEP",
 volume=0806, 
pages=026,
year=2008,
archivePrefix=arXiv,
eprint="0801.1679",
primaryClass="hep-ph", 
}

% \cite{delAguila:2000rc}
@author{delAguila:2000rc,
  author = "  F.~del Aguila, M.~Perez-Victoria and J.~Santiago",
    title =  "Observable contributions of new exotic quarks to quark mixing",
  journal=JHEP {\bf 0009} (2000) 011
  eprint=arXiv:hep-ph/0007316, 
  %% CITATION = JHEPA,0009,011;%%
}

% \cite{AguilarSaavedra:2009es}
@author{AguilarSaavedra:2009es,
  author = "  J.~A.~Aguilar-Saavedra",
    title =  "Identifying top partners at LHC",
  JHEP {\bf 0911} (2009) 030
  [arXiv:0907.3155 [hep-ph]], 
  %% CITATION = JHEPA,0911,030;%%
}
  
@author{cdfbplj,
  author = "  T. Aaltonon {\it et al.} [ CDF Collaboration]",
  Phys.\ Rev.\ Lett.\ {\bf 106}, 141803 (2011), 
}

@author{cdfbpss,
  author = "  T.~Aaltonen {\it et al.}  [CDF Collaboration]",
    title =  "Search for New Bottomlike Quark Pair Decays $Q Qbar \to t W tbar Wpm$ in same-sign Dilepton Events",
  Phys.\ Rev.\ Lett.\  {\bf 104}, 091801 (2010), 
  % (\t\Wmp)(\tbar\Wpm)
}

@author{cmsbpss,
  author = "  CMS~Collaboration, 
CMS-EXO-10-018, CERN-PH-EP-2011-009",
    title =  "Search for a Heavy Bottom-like Quark in pp Collisions at sqrt(s) = 7 TeV",
  arXiv:1102.4746 [hep-ex], 
  %% CITATION = ARXIV:1102.4746;%%
}

@author{atlasbpss,
  author = "  ATLAS Collaboration",
to appear
}  

  % @author{grl}
  %   Good-runs list available at\\ \url{https://twiki.cern.ch/twiki/bin/view/AtlasProtected/InclusiveSameChargeDilepton}


@author{geant4} geant 4

@author{atlsim} atlas sim

@author{Frixione:2003ei} Frixione:2003ei

@author{Frixione:2005vw} Frixione:2005vw

@author{cteq66} cteq

@author{Aliev:2010} Aliev 2010

@author{diagrem} diagram

@article{cteq6l,
author="J. Pumplin {\em et al}",
title="New generation of parton distributions with uncertainties from global QCD analysis",
journal="JHEP",
volume="0207",
pages="012",
year="2002",
}

@author{noteM1} note m1

@author{noteM2} note m2

@author{twiki_MCPpostPLHC} PLHC MCP

@author{2010:pdg} PDG

@author{Aad:2009wy} Aad 2009 wy

@author{noteM4} note m4

@author{jetqual} jet quality

@author{dijets} dijets

@author{Campbell:1999} Campbell

@author{Campbell:2004ch} Campbell 2004

@author{Kidonakis:2010yq} Kidonakis

@author{Butterworth:1287902} Butterworth:1287902

@author{hance,
  author = "  M. Hance",
    title =  "Isolation performance, isolation in analyses, proposals, discussion", 
  presentation at ATLAS e/gamma 2010 workshop, November 4, 2010,\\
  \url{http://indico.cern.ch/getFile.py/access?contribId=66&sessionId=11&resId=0&materialId=slides&confId=99950},
}

@author{isocode,
  See class \url{PAUcaloIsolationTool} in the ATLAS offline package\\ \url{PhysicsAnalysis/StandardModelPhys/PhotonAnalysisUtils},
}

@author{mcp,
    title =  "Recommendations from the muon-combined performance group",
  \url{https://twiki.cern.ch/twiki/bin/view/AtlasProtected/MCPAnalysisGuidelinesRel15},
}

@author{topwgobj,
    title =  Object definitions from the Top WG for release 15\\
  \url{https://twiki.cern.ch/twiki/bin/view/AtlasProtected/TopCommonObjectsRelease15},
}

@author{jetrec,
    title =  jetrec
  See ``How to get the momentum at EMSCALE + JES scale factor",
  \url{https://twiki.cern.ch/twiki/bin/view/AtlasProtected/JetSoftwareFAQ?rev=13},
}

@author{metrec,
  See recipe posted to the \texttt{atlas-phys-exotics-ssdilepton} e-list (shortened URL),
  \url{http://tinyurl.com/2vld93s},
}

@author{Cacciari:2005hq,
  author = "  M.~Cacciari, G.~P.~Salam",
    title =  "Dispelling the N**3 myth for the k(t) jet-finder",
  Phys.\ Lett.\  {\bf B641}, 57-61 (2006), 
  % [hep-ph/0512210].
}

@author{dimuon,
  author = "  M.~Consonni, A.~Koutsman, E.~van~der~Poel, M.~Raas, N.~Ruckstuhl, R.~Sandstrom",
    title =  "Dimuon composition in ATLAS at 7 TeV", 
  reportNumber={ATL-COM-PHYS-2010-686}, 
}

@author{wasym,
  author = "  M.~Bellomo \textit{el al}",
    title =  "Measurement of $W\to\ell\nu$ charge asymmetry in proton-proton collisions at $sqrt{s} =$ 7 TeV with the ATLAS detector", 
  reportNumber={ATL-COM-PHYS-2010-1032}, 
}

@author{topfakelep,
  ATLAS internal note, 
    title =  "Mis-identified lepton backgrounds to top quark pair production", 
  reportNumber={ATL-COM-PHYS-2010-849}, 
}

@author{topmix,
  \url{https://twiki.cern.ch/twiki/bin/view/AtlasProtected/TopMixingExercise},
}

@author{Feldman:1997qc,
  author = "  G.~J.~Feldman, R.~D.~Cousins",
    title =  "A Unified approach to the classical statistical analysis of small signals",
  Phys.\ Rev.\  {\bf D57}, 3873-3889 (1998), 
  [physics/9711021 [physics.data-an]].
}

@author{Pati:1974yy,
  author = "  Pati, Jogesh C. and Salam, Abdus",
  Phys. Rev. {\bf D10}  (1974) 275--289
}

@author{Mohapatra:1998rq,
  author = "  Mohapatra, R. N. and Pal, P. B.",
  World Sci. Lect. Notes Phys. {\bf 60}  (1998) 1--397
}

@author{Mohapatra:1975,
  author = "  Mohapatra, R. N. and Pati, J. C.",
  Phys. Rev. {\bf D11}  (1975) 566, 2558
}

@author{Abazov:2008vj,
  author = "  Abazov, V. M. and others",
  (2008)
}

@author{Ferrari:2000sp,
  author = "  Ferrari, A. {\it et.al.}",
  Phys. Rev. {\bf D62}  (2000) 013001
}

@author{Huitu:1996su,
  author = "  Huitu, K. and Maalampi, J. and Pietila, A. and Raidal, M.",
  Nucl. Phys. {\bf B487}  (1997) 27--42
}

@author{alves,
  author = "  D.S.M. Alves et al.",
arXiv:1008.0407 (2010)
}

@author{alwall,
  author = "  J. Alwall et al.",
Phys. Rev. D {\bf 79}, 075020 (2009)
}


@author{majwiki,
  url = \url{https://twiki.cern.ch/twiki/bin/view/AtlasProtected/HeavyMajoranaNeutrinoLagrangianEffectiveOperators},
}

@author{lrsmexpref,
  author = "  S.~Abachi {\it et al.} [ D0 Collaboration ]",
  % ``Search for right-handed W bosons and heavy w-prime in p anti-p collisions at s**(1/2) = 1.8-TeV",
  Phys.\ Rev.\ Lett.\  {\bf 76}, 3271-3276 (1996);
  % [hep-ex/9512007]. 
  V.~M.~Abazov {\it et al.} [ D0 Collaboration ],
  % ``Search for W-prime Boson Resonances Decaying to a Top Quark and a Bottom Quark",
  Phys.\ Rev.\ Lett.\  {\bf 100}, 211803 (2008), 
  % [arXiv:0803.3256 [hep-ex]].
}

  %%% 
  % fourth gen
  %%% 
@author{Kribs:2007nz,
  author = "  G.~D. Kribs, T.~Plehn, M.~Spannowsky, and T.~M. Tait", 
 title =   "Four generations and Higgs physics}\/",
\url{http://dx.doi.org/10.1103/PhysRevD.76.075016}{Phys.Rev. {\bf D76}
  (2007)  075016}, \url{http://arxiv.org/abs/0706.3718}{{\tt arXiv:0706.3718
    [hep-ph]}},
}

@author{Hung:1997zj,
  author = "  P.~Hung",
   title =  "Minimal SU(5) resuscitated by longlived quarks and leptons}\/",
\url{http://dx.doi.org/10.1103/PhysRevLett.80.3000}{Phys.Rev.Lett. {\bf 80}
  (1998)  3000--3003}, \url{http://arxiv.org/abs/hep-ph/9712338}{{\tt
    arXiv:hep-ph/9712338 [hep-ph]}},
}

@author{Hou:2008xd,
  author = "  W.-S. Hou",
   title = "Source of CP Violation for the Baryon Asymmetry of the Universe",
  Chin.J.Phys. {\bf 47} (2009)  134,
  \url{http://arxiv.org/abs/0803.1234}{{\tt arXiv:0803.1234 [hep-ph]}},
}

@author{Aaltonen:bprime_singlelepton,
  author = "  {CDF Collaboration} Collaboration, T.~Aaltonen et al.",
   title =  "Search for heavy bottom-like chiral quarks decaying to an electron or muon and jets",
  \url{http://dx.doi.org/10.1103/PhysRevLett.104.091801}{Conf. Note {\bf
      10243} (2010)  091801}, \url{http://arxiv.org/abs/0912.1057}{{\tt
      arXiv:0912.1057 [hep-ex]}},
}

@author{Aaltonen:tprime,
  author = "  {CDF Collaboration} Collaboration, T.~Aaltonen et al.", 
   title =  "Search for Heavy Top $t' \rightarrow W q$ in Lepton Plus Jets Events in 4.6 fb-1",  
  Conf. Note {\bf 10110} (2010), 
}

@author{Hung:2007ak,
  author = "  P.~Hung and M.~Sher",
   title = "Experimental constraints on fourth generation quark masses",
  \url{http://dx.doi.org/10.1103/PhysRevD.77.037302}{Phys.Rev.
    {\bf D77} (2008)  037302}, \url{http://arxiv.org/abs/0711.4353}{{\tt
      arXiv:0711.4353 [hep-ph]}},
}

@author{bprimetoZb_D0_LongLifetime,
  author = "  {D0 Collaboration} Collaboration, T.~Aaltonen et al.", 
   title =  "Search for Long-Lived Particles Decaying into $Z$ bosons",
  \url{http://dx.doi.org/10.1103/PhysRevLett.104.091801}{Conf. Note {\bf 5454}
    (2007)  091801}, \url{http://arxiv.org/abs/0912.1057}{{\tt arXiv:0912.1057
      [hep-ex]}},
}

@author{He:2001tp,
  author = "  H.-J. He, N.~Polonsky, and S.-f. Su", 
   title =  "Extra families, Higgs spectrum and oblique corrections",
  \url{http://dx.doi.org/10.1103/PhysRevD.64.053004}{Phys.Rev. {\bf D64}
    (2001)  053004}, \url{http://arxiv.org/abs/hep-ph/0102144}{{\tt
      arXiv:hep-ph/0102144 [hep-ph]}},
}

@author{Novikov:2001md,
  author = "  V.~Novikov, L.~Okun, A.~N. Rozanov, and M.~Vysotsky", 
   title =  "Extra generations and discrepancies of electroweak precision data",
  \url{http://dx.doi.org/10.1016/S0370-2693(02)01240-6}{Phys.Lett. {\bf B529}
    (2002)  111--116}, \url{http://arxiv.org/abs/hep-ph/0111028}{{\tt
      arXiv:hep-ph/0111028 [hep-ph]}},
}

@author{Novikov:2002tk,
  author = "  V.~Novikov, L.~Okun, A.~N. Rozanov, and M.~Vysotsky", 
   title =  "Mass of the Higgs versus fourth generation masses",
  \url{http://dx.doi.org/10.1134/1.1514752, 10.1134/1.1514752}{JETP Lett. {\bf
      76} (2002)  127--130}, \url{http://arxiv.org/abs/hep-ph/0203132}{{\tt
      arXiv:hep-ph/0203132 [hep-ph]}},
}

@author{Chanowitz:2009mz,
  author = "  M.~S. Chanowitz", 
   title =  "Bounding CKM Mixing with a Fourth Family",
  \url{http://dx.doi.org/10.1103/PhysRevD.79.113008}{Phys.Rev. {\bf D79}
    (2009)  113008}, \url{http://arxiv.org/abs/0904.3570}{{\tt arXiv:0904.3570
      [hep-ph]}},
}

@author{Chanowitz:2010bm,
  author = "  M.~S. Chanowitz", 
   title =  "Higgs Mass Constraints on a Fourth Family: Upper and Lower Limits on CKM Mixing",
  \url{http://dx.doi.org/10.1103/PhysRevD.82.035018}{Phys.Rev. {\bf D} (2010)
    035018}, \url{http://arxiv.org/abs/1007.0043}{{\tt arXiv:1007.0043
      [hep-ph]}},
}

@author{Yanir:2002cq,
  author = "  T.~Yanir", 
   title =  "Phenomenological constraints on extended quark sectors",
  JHEP {\bf 0206} (2002)  044, \url{http://arxiv.org/abs/hep-ph/0205073}{{\tt
      arXiv:hep-ph/0205073 [hep-ph]}},
}

@author{Hou:2005hd,
  author = "  W.-S. Hou, M.~Nagashima, and A.~Soddu", 
   title =  "Difference in B+ and B0 direct CP asymmetry as effect of a fourth generation",
  \url{http://dx.doi.org/10.1103/PhysRevLett.95.141601}{Phys.Rev.Lett. {\bf
      95} (2005)  141601}, \url{http://arxiv.org/abs/hep-ph/0503072}{{\tt
      arXiv:hep-ph/0503072 [hep-ph]}},

@author{Buras:2010pi,
  author = "  A.~J. Buras, B.~Duling, T.~Feldmann, T.~Heidsieck, C.~Promberger, et al.", 
 title =   "Patterns of Flavour Violation in the Presence of a Fourth Generation of Quarks and Leptons",
  \url{http://dx.doi.org/10.1007/JHEP09(2010)106,
    10.1007/JHEP09(2010)106}{JHEP {\bf 1009} (2010)  106},
  \url{http://arxiv.org/abs/1002.2126}{{\tt arXiv:1002.2126 [hep-ph]}}, *
  Temporary entry *.
}

@author{Buras:2010nd}
  author = "  A.~J. Buras, B.~Duling, T.~Feldmann, T.~Heidsieck, C.~Promberger, et al.", 
 title =   "The Impact of a 4th Generation on Mixing and CP Violation in the Charm System",  
  \url{http://dx.doi.org/10.1007/JHEP07(2010)094}{JHEP {\bf 1007}
    (2010)  094}, \url{http://arxiv.org/abs/1004.4565}{{\tt arXiv:1004.4565
      [hep-ph]}},
}

@author{Bobrowski:2009ng,
  author = "  M.~Bobrowski, A.~Lenz, J.~Riedl, and J.~Rohrwild ",
 title =   "How much space is left for a new family of fermions?",
  \url{http://dx.doi.org/10.1103/PhysRevD.79.113006}{Phys.Rev. {\bf D79}
    (2009)  113006}, \url{http://arxiv.org/abs/0902.4883}{{\tt arXiv:0902.4883
      [hep-ph]}},
}

@author{Eberhardt:2010bm,
  author = " O.~Eberhardt, A.~Lenz, and J.~Rohrwild", 
 title =   "Less space for a new family of fermions,
  \url{http://arxiv.org/abs/1005.3505}{{\tt arXiv:1005.3505
      [hep-ph]}}",
}



@author{LOstarstar,
  author =  "A.~Sherstnev and R.~S.~Thorne",
 title =   "Different PDF approximations useful for LO Monte Carlo generators,
  arXiv:0807.2132 [hep-ph]", 
}

  % \cite{Pumplin:2002vw}
@author{CTEQ6,
  author =   "J.~Pumplin, D.~R.~Stump, J.~Huston, H.~L.~Lai, P.~M.~Nadolsky and W.~K.~Tung",
   title =  "New generation of parton distributions with uncertainties from global QCD analysis",
  journal="JHEP",
volume=0207, 
pages=012,
year=2002,
archivePrefix=arXiv,
primaryClass="hep-ph",
eprint="0201195", 
}

@author{LOstar,
  author =   "A.~Sherstnev and R.~S.~Thorne",
  title =  "Parton Distributions for LO Generators",
  reportNumber={Eur.\ Phys.\ J.\  C {\bf 55} (2008) 553
  [arXiv:0711.2473 [hep-ph]]}, 
  }

@author{Aliev_MC09reTune,
  author =   "M.~Aliev, H.~Lacker, and H.Schulz",
   title = "Pythia'smodel parameters re-tuning to UE and MB data for different PDFswith the aim of PDF systematicsstudy",
}


@author{collie,
  author =   "W.~Fisher,",
   title = "Systematics and limit calculations", 
  reportNumber={FERMILAB-TM-2386-E (2006)},
}

@author{ATLAS-CONF-2011-032,
   title = "Jet energy scale and its systematic uncertainty in proton-proton collisions at sqrt(s)=7 tev in atlas 2010 data. ",
  reportNumber={ATLAS-CONF-2011-032},
}

@author{ATL-COM-PHYS-2011-240,
  author =   "G.~Romeo $et~al.$",
   title = "Jet energy resolution from in-situ techniques with the atlas detector using proton-proton collisions at a center of mass energy s = 7 TeV. ",
  reportNumber={ATL-COM-PHYS-2011-240},
}

@author{hathor,
  author =   "M. Aliev $et~al.$",
   title = {hadronic top and heavy quarks cross section calculator, arXiv:1007.1327},
}

@author{cteq66}
  author =   "P.M. Nadolsky $et~al.$",
   title = {Implications of cteq global analysis for collider observables},
Phys. Rev. D78, 013004, 2008
}
@author{ATLASperf,
  author =   "G. Aad $et~al.$ [ATLAS Collaboration]",
   title = {Expected Performance of the ATLAS Experiment - Detector, Trigger and Physics. 
CERN-OPEN-2008-020}, 
}
@article{1748-0221-3-08-S08003,
      collaboration  = "ATLAS",
  title={The ATLAS Experiment at the CERN Large Hadron Collider},
  journal={Journal of Instrumentation},
  volume={3},
  number={08},
  pages={S08003},
  year={2008},
}
	
@article{Aaltonen:2009nr,
      author         = "Aaltonen, T. and others",
      title          = "{Search for New Bottomlike Quark Pair Decays Q Q-bar
                        to (t W-+) (t-bar W+-) in Same-Charge Dilepton
                        Events}",
      collaboration  = "CDF",
      journal        = "Phys. Rev. Lett.",
      volume         = "104",
      pages          = "091801",
      doi            = "10.1103/PhysRevLett.104.091801",
      year           = "2010",
      eprint         = "0912.1057",
      archivePrefix  = "arXiv",
      primaryClass   = "hep-ex",
      reportNumber   = "SLAC-PUB-14914, FERMILAB-PUB-09-628-E",
      SLACcitation   = "%%CITATION = ARXIV:0912.1057;%%",
}

@article{Aad:2012bb,
      title          = "{Search for same-sign top-quark production and
                        fourth-generation down-type quarks in pp collisions at
                        $\sqrt{s} = 7 \TeV$ with the ATLAS detector}",
      collaboration  = "ATLAS",
      journal        = "JHEP",
      volume         = "1204",
      pages          = "069",
      doi            = "10.1007/JHEP04(2012)069",
      year           = "2012",
      eprint         = "1202.5520",
      archivePrefix  = "arXiv",
      primaryClass   = "hep-ex",
      reportNumber   = "CERN-PH-EP-2012-020, FERMILAB-PUB-12-370-E",
      SLACcitation   = "%%CITATION = ARXIV:1202.5520;%%",
}

@article{Campbell:2012dh,
      author         = "Campbell, John M. and Ellis, R. Keith",
      title          = "{$t \bar{t} W^{+-}$ production and decay at NLO}",
      journal        = "JHEP",
      volume         = "1207",
      pages          = "052",
      doi            = "10.1007/JHEP07(2012)052",
      year           = "2012",
      eprint         = "1204.5678",
      archivePrefix  = "arXiv",
      primaryClass   = "hep-ph",
      reportNumber   = "FERMILAB-PUB-12-109-T",
      SLACcitation   = "%%CITATION = ARXIV:1204.5678;%%",
}

@article{Garzelli:2011is,
      author         = "Garzelli, M.V. and Kardos, A. and Papadopoulos, C.G. and
                        Trocsanyi, Z.",
      title          = "{Z0 - boson production in association with a top anti-top
                        pair at NLO accuracy with parton shower effects}",
      journal        = "Phys. Rev.",
      volume         = "D85",
      pages          = "074022",
      doi            = "10.1103/PhysRevD.85.074022",
      year           = "2012",
      eprint         = "1111.1444",
      archivePrefix  = "arXiv",
      primaryClass   = "hep-ph",
      SLACcitation   = "%%CITATION = ARXIV:1111.1444;%%",
}

@article{Richter-Was:683751,
      author       = "Richter-Was, Elzbieta and Froidevaux, D and Poggioli, Luc",
      title        = "ATLFAST 2.0 a fast simulation package for ATLAS",
      institution  = "CERN",
      journal      = "ATL-PHYS-98-131",
      year         = "1998",
}

@article{Yamanaka:1322202,
      author       = "Yamanaka, T",
      title        = "The ATLAS calorimeter simulation FastCaloSim",
      institution  = "CERN",
      journal      = "ATL-SOFT-PROC-2011-021",
      year         = "2011",
}

@article{ATLAS-CONF-2012-043,
      collaboration= "ATLAS",
      title        = "Measurement of the b-tag Efficiency in a Sample of Jets
                      Containing Muons with 5/fb of Data from the ATLAS
                      Detector",
      journal      = "ATLAS-CONF-2012-043",
      volume       = {},
      year         = "2012",
      note         = "{https://cdsweb.cern.ch/record/1435197}",
}


@article{ATLAS-CONF-2011-063,
      collaboration= "ATLAS",
      title        = "Muon reconstruction efficiency in reprocessed 2010 LHC
                      proton-proton collision data recorded with the ATLAS
                      detector",
      journal      = "ATLAS-CONF-2011-063",
      volume       = {},
      year         = "2011",
      note         = "{https://cdsweb.cern.ch/record/1345743}",
}

@article{ATLAS-CONF-2011-116,
      collaboration= "ATLAS",
      title        = "Luminosity Determination in pp Collisions at $\sqrt{s} = 7
                      \TeV{}$ using the ATLAS Detector in 2011",
      journal       = "ATLAS-CONF-2011-116",
      volume       = {},
      year         = "2011",
      note         = "{https://cdsweb.cern.ch/record/1376384}"
}

@article{Aad:2011mk,
      title          = "{Electron performance measurements with the ATLAS
                        detector using the 2010 LHC proton-proton collision data}",
      collaboration  = "ATLAS",
      journal        = "Eur. Phys. J.",
      volume         = "C72",
      pages          = "1909",
      doi            = "10.1140/epjc/s10052-012-1909-1",
      year           = "2012",
      eprint         = "1110.3174",
      archivePrefix  = "arXiv",
      primaryClass   = "hep-ex",
      reportNumber   = "CERN-PH-EP-2011-117",
      SLACcitation   = "%%CITATION = ARXIV:1110.3174;%%",
}

@article{Aad:2012re,
      title          = "{Performance of Missing Transverse Momentum
                        Reconstruction in Proton-Proton Collisions at 7 TeV with
                        ATLAS}",
      collaboration  = "ATLAS",
      journal        = "Eur. Phys. J.",
      volume         = "C72",
      pages          = "1844",
      doi            = "10.1140/epjc/s10052-011-1844-6",
      year           = "2012",
      eprint         = "1108.5602",
      archivePrefix  = "arXiv",
      primaryClass   = "hep-ex",
      reportNumber   = "CERN-PH-EP-2011-114",
      SLACcitation   = "%%CITATION = ARXIV:1108.5602;%%",
}

@article{Aad:2011he,
      title          = "{Jet energy measurement with the ATLAS detector in
                        proton-proton collisions at $\sqrt{s)}= 7 \TeV$}",
      collaboration  = "ATLAS",
      year           = "2011",
      eprint         = "1112.6426",
      archivePrefix  = "arXiv",
      primaryClass   = "hep-ex",
      reportNumber   = "CERN-PH-EP-2011-191, FERMILAB-PUB-11-802-E",
      SLACcitation   = "%%CITATION = ARXIV:1112.6426;%%",
}

@article{Aad:2010ah,
      title          = "{The ATLAS Simulation Infrastructure}",
      collaboration  = "ATLAS",
      journal        = "Eur. Phys. J.",
      volume         = "C70",
      pages          = "823-874",
      doi            = "10.1140/epjc/s10052-010-1429-9",
      year           = "2010",
      eprint         = "1005.4568",
      archivePrefix  = "arXiv",
      primaryClass   = "physics.ins-det",
      SLACcitation   = "%%CITATION = ARXIV:1005.4568;%%",
}

@article{Agostinelli:2002hh,
      author         = "Agostinelli, S. and others",
      title          = "{GEANT4: A Simulation toolkit}",
      collaboration  = "GEANT4",
      journal        = "Nucl. Instrum. Meth.",
      volume         = "A506",
      pages          = "250-303",
      doi            = "10.1016/S0168-9002(03)01368-8",
      year           = "2003",
      reportNumber   = "SLAC-PUB-9350, FERMILAB-PUB-03-339",
      SLACcitation   = "%%CITATION = NUIMA,A506,250;%%",
}

@article{Cacciari:2008gp,
      author         = "Cacciari, Matteo and Salam, Gavin P. and Soyez, Gregory",
      title          = "{The Anti-k(t) jet clustering algorithm}",
      journal        = "JHEP",
      volume         = "0804",
      pages          = "063",
      doi            = "10.1088/1126-6708/2008/04/063",
      year           = "2008",
      eprint         = "0802.1189",
      archivePrefix  = "arXiv",
      primaryClass   = "hep-ph",
      reportNumber   = "LPTHE-07-03",
      SLACcitation   = "%%CITATION = ARXIV:0802.1189;%%",
}

@article{TopCommonObjects2011,
  author="B. Acharya et al",
  title="Object selection and calibration, background estimations and MC samples for the Autumn 2012 Top Quark analyses with 2011 data",
  note="ATL-COM-PHYS-2012-1197"
}

@article{AlonsoA,
  author="A. Alonso, B. Meirose",
  title="New data-driven methods for lepton charge mis-identification",
  note="ATL-COM-PHYS-2012-264"
}

% Jimmy
@Article{JButterworth:1996zw,
     author    = "Butterworth, J. M. and Forshaw, Jeffrey R. and Seymour, M. H.",
     title     = "{Multiparton interactions in photoproduction at HERA}",
     journal   = "Z. Phys.",	     volume    = "C72",
     year      = "1996",
     pages     = "637-646",
     eprint    = "hep-ph/9601371",
     archivePrefix = "arXiv",
     doi       = "10.1007/s002880050286",
     SLACcitation  = "%%CITATION = HEP-PH/9601371;%%"
}

% Alpgen
@article{Mangano:2002ea,
      author         = "Mangano, Michelangelo L. and Moretti, Mauro and
                        Piccinini, Fulvio and Pittau, Roberto and Polosa, Antonio
                        D.",
      title          = "{ALPGEN, a generator for hard multiparton processes in
                        hadronic collisions}",
      journal        = "JHEP",
      volume         = "0307",
      pages          = "001",
      year           = "2003",
      eprint         = "hep-ph/0206293",
      archivePrefix  = "arXiv",
      primaryClass   = "hep-ph",
      reportNumber   = "CERN-TH-2002-129, FTN-T-2002-06",
      SLACcitation   = "%%CITATION = HEP-PH/0206293;%%",
}

% CTEQ6L
@article{Pumplin:2002vw,
      author         = "Pumplin, J. and Stump, D.R. and Huston, J. and Lai, H.L.
                        and Nadolsky, Pavel M. and others",
      title          = "{New generation of parton distributions with
                        uncertainties from global QCD analysis}",
      journal        = "JHEP",
      volume         = "0207",
      pages          = "012",
      year           = "2002",
      eprint         = "hep-ph/0201195",
      archivePrefix  = "arXiv",
      primaryClass   = "hep-ph",
      reportNumber   = "MSU-HEP-011101",
      SLACcitation   = "%%CITATION = HEP-PH/0201195;%%",
}

% LO* LO**
@article{Sherstnev:2008dm,
      author         = "Sherstnev, A. and Thorne, R.S.",
      title          = "{Different PDF approximations useful for LO Monte Carlo
                        generators}",
      pages          = "149",
      year           = "2008",
      eprint         = "0807.2132",
      archivePrefix  = "arXiv",
      primaryClass   = "hep-ph",
      SLACcitation   = "%%CITATION = ARXIV:0807.2132;%%",
}

% MadGraph
@article{Alwall:2007st,
      author         = "Alwall, Johan and Demin, Pavel and de Visscher, Simon and
                        Frederix, Rikkert and Herquet, Michel and others",
      title          = "{MadGraph/MadEvent v4: The New Web Generation}",
      journal        = "JHEP",
      volume         = "0709",
      pages          = "028",
      doi            = "10.1088/1126-6708/2007/09/028",
      year           = "2007",
      eprint         = "0706.2334",
      archivePrefix  = "arXiv",
      primaryClass   = "hep-ph",
      reportNumber   = "SLAC-PUB-12603, CP3-07-17"
}

% MC@NLO
@article{Frixione:2002ik,
      author         = "Frixione, Stefano and Webber, Bryan R.",
      title          = "{Matching NLO QCD computations and parton shower
                        simulations}",
      journal        = "JHEP",
      volume         = "0206",
      pages          = "029",
      year           = "2002",
      eprint         = "hep-ph/0204244",
      archivePrefix  = "arXiv",
      primaryClass   = "hep-ph",
      reportNumber   = "CAVENDISH-HEP-02-01, LAPTH-905-02, GEF-TH-2-2002",
      SLACcitation   = "%%CITATION = HEP-PH/0204244;%%",
}

@article{Aad:2010ey,
      title          = "{Measurement of the top quark-pair production cross
                        section with ATLAS in pp collisions at $\sqrt{s}=7$ TeV}",
      collaboration  = "ATLAS",
      journal        = "Eur. Phys. J.",
      volume         = "C71",
      pages          = "1577",
      doi            = "10.1140/epjc/s10052-011-1577-6",
      year           = "2011",
      eprint         = "1012.1792",
      archivePrefix  = "arXiv",
      primaryClass   = "hep-ex",
      SLACcitation   = "%%CITATION = ARXIV:1012.1792;%%",
}

@article{Aad:2011dr,
      title          = "{Luminosity Determination in pp Collisions at $\sqrt{s}=7
                        \TeV$ Using the ATLAS Detector at the LHC}",
      collaboration  = "ATLAS",
      journal        = "Eur. Phys. J.",
      volume         = "C71",
      pages          = "1630",
      doi            = "10.1140/epjc/s10052-011-1630-5",
      year           = "2011",
      eprint         = "1101.2185",
      archivePrefix  = "arXiv",
      primaryClass   = "hep-ex",
      SLACcitation   = "%%CITATION = ARXIV:1101.2185;%%",
}

% fakes
@phdthesis{Theveneaux-Pelzer:1476909,
      author       = "Theveneaux-Pelzer, Timoth\'ee and Derue, F",
      title        = "Etudes sur la reconstruction des \'electrons et mesure de
                      la section efficace de production de paires de quarks top
                      dans les canaux dileptoniques dans l'exp\'erience ATLAS
                      aupr\`es du LHC. oai:cds.cern.ch:1476909",
      school       = "LPNHE, Paris",
      year         = "2012",
      note         = "Presented 02 Jul 2012",
}
@article{Barger:2010uw,
      author         = "Barger, Vernon and Keung, Wai-Yee and Yencho, Brian",
      title          = "{Triple-Top Signal of New Physics at the LHC}",
      journal        = "Phys.Lett.",
      volume         = "B687",
      pages          = "70-74",
      doi            = "10.1016/j.physletb.2010.03.001",
      year           = "2010",
      eprint         = "1001.0221",
      archivePrefix  = "arXiv",
      primaryClass   = "hep-ph",
      SLACcitation   = "%%CITATION = ARXIV:1001.0221;%%",
}

@article{Alwall:2011uj,
      author         = "Alwall, Johan and Herquet, Michel and Maltoni, Fabio and
                        Mattelaer, Olivier and Stelzer, Tim",
      title          = "{MadGraph 5 : Going Beyond}",
      journal        = "JHEP",
      volume         = "1106",
      pages          = "128",
      doi            = "10.1007/JHEP06(2011)128",
      year           = "2011",
      eprint         = "1106.0522",
      archivePrefix  = "arXiv",
      primaryClass   = "hep-ph",
      reportNumber   = "FERMILAB-PUB-11-448-T",
      SLACcitation   = "%%CITATION = ARXIV:1106.0522;%%",
}

@article{Degrande:2010kt,
      author         = "Degrande, Celine and Gerard, Jean-Marc and Grojean,
                        Christophe and Maltoni, Fabio and Servant, Geraldine",
      title          = "{Non-resonant New Physics in Top Pair Production at
                        Hadron Colliders}",
      journal        = "JHEP",
      volume         = "1103",
      pages          = "125",
      doi            = "10.1007/JHEP03(2011)125",
      year           = "2011",
      eprint         = "1010.6304",
      archivePrefix  = "arXiv",
      primaryClass   = "hep-ph",
      reportNumber   = "CERN-PH-TH-2010-187, CP3-10-34",
      SLACcitation   = "%%CITATION = ARXIV:1010.6304;%%",
}

@article{PhysRevD.51.3888,
  title = {Effects of top quark compositeness},
  author = {Georgi, Howard and Kaplan, Lev and Morin, David and Schenk, Andreas},
  journal = {Phys. Rev. D},
  volume = {51},
  issue = {7},
  pages = {3888--3894},
  year = {1995},
  doi = {10.1103/PhysRevD.51.3888},
  url = {http://link.aps.org/doi/10.1103/PhysRevD.51.3888},
  publisher = {American Physical Society}
}

@article{PhysRevD.78.074026,
  title = {Top quark compositeness: Feasibility and implications},
  author = {Pomarol, Alex and Serra, Javi},
  journal = {Phys. Rev. D},
  volume = {78},
  issue = {7},
  pages = {074026},
  numpages = {14},
  year = {2008},
  doi = {10.1103/PhysRevD.78.074026},
  url = {http://link.aps.org/doi/10.1103/PhysRevD.78.074026},
  publisher = {American Physical Society}
}

@article{1126-6708-2008-04-087,
  author={Ben Lillie and Jing Shu and Tim M.P. Tait},
  title={Top compositeness at the Tevatron and LHC},
  journal={JHEP},
  volume={0804},
  pages={087},
  url={http://stacks.iop.org/1126-6708/2008/i=04/a=087},
  year={2008},
}


@article{1126-6708-2009-05-022,
  author={Kunal Kumar and Tim M.P. Tait and Roberto Vega-Morales},
  title={Manifestations of top compositeness at colliders},
  journal={JHEP},
  volume={0905},
  pages={022},
  url={http://stacks.iop.org/1126-6708/2009/i=05/a=022},
  year={2009},
}

@article{Guchait:2007jd,
      author         = "Guchait, M. and Mahmoudi, F. and Sridhar, K.",
      title          = "{Associated production of a Kaluza-Klein excitation of a
                        gluon with a t anti-t pair at the LHC}",
      journal        = "Phys. Lett.",
      volume         = "B666",
      pages          = "347-351",
      doi            = "10.1016/j.physletb.2008.07.085",
      year           = "2008",
      eprint         = "0710.2234",
      archivePrefix  = "arXiv",
      primaryClass   = "hep-ph",
      reportNumber   = "TIFR-TH-07-24",
      SLACcitation   = "%%CITATION = ARXIV:0710.2234;%%",
}
@Article{ATL-COM-DAQ-2011-008,
  author =       "{J.T.~Childers{\it et al.}}",
  title =        "Performance of the Electron and Photon Trigger in p-p Collisions at sqrt(s) = 7 TeV",
  note =         "{ATL-COM-DAQ-2011-008}"
} 
@Article{ATLAS,
  author =       "{G.~Aad {\it et al.} [ The ATLAS Collaboration ]}",
  title =        "Expected Performance of the ATLAS Experiment - Detector, Trigger and Physics",
  note =         "arXiv:0901.0512 [hep-ex]"
}  


@Article{ATL_EGAMMA_NOTE,
  author =       "{The e/gamma combined performance group}",
  title =        "Electron performance in the ATLAS experiment",
  note =         "{ATL-COM-PHYS-2010-208}"
} 
@Article{ATL_EGAMMA_PERF,
  author =       "{The e/gamma combined performance group}",
  title =        "Electron efficiency measurements using ATLAS 2010 data at sqrt(s) = 7 TeV and https://twiki.cern.ch/twiki/bin/view/AtlasProtected/EfficiencyMeasurements",
  note =         "{ATL-COM-PHYS-2011-322}"
} 
@Article{SFtool,
  title =        "See: https://twiki.cern.ch/twiki/bin/view/AtlasProtected/TopElectronSFToolRelease16"
}  
@Article{ESCALE,
  author =       "{M.~Agustoni {\it et al.}}",
  title =        "Electron energy scale in-situ calibration and performance.",
  note =         "{ATL-COM-PHYS-2011-263 (2011)}"
} 
@Article{ESCALE_TOOL,
 title =        "See: https://twiki.cern.ch/twiki/bin/view/AtlasProtected/EnergyRescaler"
} 
@Article{electronDQ,
  title =        "https://twiki.cern.ch/twiki/bin/view/Main/EgammaPerformance and https://twiki.cern.ch/twiki/bin/view/AtlasProtected/EgammaShifts"
}
@unpublished{fakes:eps2011,
        author = "tbd",
        title = "Mis-identified lepton backgrounds in top quark pair production studies for EPS 2011 analyses",
        year = "2011",
        note = "ATL-COM-PHYS-2011-768"
}

@unpublished{fakes:moriond2011,
        author = "Abi, B. and others",
        title = "Mis-identified lepton backgrounds to top quark pair production for Moriond 2011 analysis",
        year = "2011",
        note = "ATL-COM-PHYS-2011-144"
}

@unpublished{fakes:paper2010,
        author = "Abi, B. and others",
        title = "Mis-identified lepton backgrounds to top quark pair production",
        year = "2010",
        note = "ATL-COM-PHYS-2010-849"
}

@Comment This is the article that Fastjet authors ask to cite to when jet finding is run
@article{Cacciari200657,
            title = "Dispelling the N3 myth for the kt jet-finder",
            journal = "Physics Letters B",
            volume = "641",
            number = "1",
            pages = "57 - 61",
            year= "2006",
            note = "",
            issn = "0370-2693",
            doi = "DOI: 10.1016/j.physletb.2006.08.037",
            author = "Matteo Cacciari and Gavin P. Salam"
}

@techreport{JetRecoEfficiencyConfNote0,
  author       = "B.Butler and A.Schwartzman",
  title        = "Track-Jet Reconstruction and Performance",
  number       = "ATL-PHYS-INT-2010-040",
  institution  = "CERN",
  address      = "Geneva",
  month        = {July},
  year         = {2010},
}

@techreport{JetRecoEfficiencyConfNote1,
  author       = "{The ATLAS Collaboration}",
  title  = "Jet energy resolution and reconstruction efficiencies from in-situ techniques with the ATLAS Detector Using Proton-Proton Collisions at a Center of Mass Energy sqrts = 7 TeV",
  number   = "ATLAS-CONF-2010-054",
  institution  = "CERN",
  address      = "Geneva",
  month        = {July},
  year         = {2010},
}
@techreport{Romeo:1334193,
      author       = "Romeo, G and Schwartzman, A and Piegaia, R and Carli, T and
                      Teuscher, R",
      title        = "Jet Energy Resolution from In-situ Techniques with the
                      ATLAS Detector Using Proton-Proton Collisions at a Center of
                      Mass Energy $\sqrt{s}$ = 7 TeV",
      institution  = "CERN",
      address      = "Geneva",
      number       = "ATL-COM-PHYS-2011-240",
      month        = "Mar",
      year         = "2011",
}
%---------------------------------------------------------------------------------------------------

@Misc{TWiki_AtlasProductionGroup,
  title = "{Twiki page: Atlas Production Group}",
  howpublished = "{https://twiki.cern.ch/twiki/bin/view/AtlasProtected/AtlasProductionGroup}"
}

@Misc{Wiki_TopMC10For2011Data,
  title = "{Twiki page: Top group's MC10(a,b) For 2011 Data}",
  howpublished = "{https://twiki.cern.ch/twiki/bin/view/AtlasProtected/TopMC10For2011Data}"
}

% in common/PHYSICS.bib
@Article{AGO-0301,
 author       = "{S. Agostinelli} and others",
 title        = "Geant4 – A Simulation Toolkit",
 journal      = "Nucl. Instr. and Meth.",
 volume       = "A506",
 year         = "2003",
 pages        = "250",
 eprint       = ""
}

@Misc{Wiki_McProductionCommonParameters10,
  title = "{Twiki page: The common parameters used for ATLAS MC production 2010}",
  howpublished = "{https://twiki.cern.ch/twiki/bin/view/AtlasProtected/McProductionCommonParameters10}"
}

@Misc{Wiki_TopSystematicUncertainties,
  title = "{Twiki page: TopSystematicUncertainties}",
  howpublished = "{https://twiki.cern.ch/twiki/bin/view/AtlasProtected/TopSystematicUncertainties}"
}

@Misc{Wiki_HforTool,
  title = "{Twiki page: Heavy Flavor Overlap Removal Tool}",
  howpublished = "{https://twiki.cern.ch/twiki/bin/view/AtlasProtected/HforTool}"
}

%---------------------------------------------------------------------------------------------------
% x-section references
% ttbar

% TODO : need {Aliev:2010,topxs} ! 
@Article{Aliev:2010,
author    = "Aliev, M. and others",
title     = "HATHOR HAdronic Top and Heavy quarks crOss section calculatoR",
eprint    = "1007.1327",
archivePrefix = "arXiv",
primaryClass  =  "hep-ph"
}

@Misc{COM-PHYS-2010-695,
	 author          = "{The ATLAS Collaboration}",
	 title           = "",
	 year            = "2010",	 
         howpublished    = "{ATL-COM-PHYS-2010-695}",
	 note            = ""
	}

% single top
@Article{Kidonakis:2011wy,
     author    = "Kidonakis, Nikolaos",
     title     = "{Next-to-next-to-leading-order collinear and soft gluon
                  corrections for t-channel single top quark production}",
     journal   = "Phys. Rev.",
     volume    = "D83",
     year      = "2011",
     pages     = "091503",
     eprint    = "1103.2792",
     archivePrefix = "arXiv",
     primaryClass  =  "hep-ph"
}

@Article{Kidonakis:2010tc,
     author    = "Kidonakis, Nikolaos",
     title     = "{NNLL resummation for s-channel single top quark
                  production}",
     journal   = "Phys. Rev.",
     volume    = "D81",
     year      = "2010",
     pages     = "054028",
     eprint    = "1001.5034",
     archivePrefix = "arXiv",
     primaryClass  =  "hep-ph"
}

@Article{Kidonakis:2010ux,
     author    = "Kidonakis, Nikolaos",
     title     = "{Two-loop soft anomalous dimensions for single top quark
                  associated production with a W- or H-}",
     journal   = "Phys. Rev.",
     volume    = "D82",
     year      = "2010",
     pages     = "054018",
     eprint    = "1005.4451",
     archivePrefix = "arXiv",
     primaryClass  =  "hep-ph"
}

%---------------------------------------------------------------------------------------------------
%Tuning

@Misc{PUB-2010-014,
	 author          = "{The ATLAS Collaboration}",
	 title           = "First tuning of HERWIG/JIMMY to ATLAS data",
	 year            = "2010",	 
         howpublished    = "{ATL-PHYS-PUB-2010-014}",
	 note            = ""
	}

@Misc{CONF-2010-031,
	 author          = "{The ATLAS Collaboration}",
	 title           = "{Charged particle multiplicities in $pp$ interactions at $\sqrt{s}=0.9$ GeV and 7 TeV in a diractive limited phase space measured with the ATLAS detector at the LHC and a new pythia6 tune}",
	 year            = "2010",	 
         howpublished    = "{ATLAS-CONF-2010-031}",
	 note            = ""
	}

@Article{Skands:2010ak,
     author    = "Skands, Peter Zeiler",
     title     = "{Tuning Monte Carlo Generators: The Perugia Tunes}",
     journal   = "Phys. Rev.",
     volume    = "D82",
     year      = "2010",
     pages     = "074018",
     eprint    = "1005.3457",
     archivePrefix = "arXiv",
     primaryClass  =  "hep-ph",
     doi       = "10.1103/PhysRevD.82.074018",
     SLACcitation  = "%%CITATION = 1005.3457;%%"
}


%PDFs
%---------------------------------------------------------------------------------------------------
% LO*
@Article{mrstlostar,
     author    = "Sherstnev, A. and Thorne, R. S.",
     title     = "{Parton Distributions for LO Generators}",
     journal   = "Eur. Phys. J.",
     volume    = "C55",
     year      = "2008",
     pages     = "553-575",
     eprint    = "0711.2473",
     archivePrefix = "arXiv",
     primaryClass  =  "hep-ph",
     doi       = "10.1140/epjc/s10052-008-0610-x",
     SLACcitation  = "%%CITATION = 0711.2473;%%"
}

% CTEQ 6.6
@Article{Nadolsky:2008zw,
     author    = "Nadolsky, Pavel M. and others",
     title     = "{Implications of CTEQ global analysis for collider
                  observables}",
     journal   = "Phys. Rev.",
     volume    = "D78",
     year      = "2008",
     pages     = "013004",
     eprint    = "0802.0007",
     archivePrefix = "arXiv",
     primaryClass  =  "hep-ph",
     doi       = "10.1103/PhysRevD.78.013004",
     SLACcitation  = "%%CITATION = 0802.0007;%%"
}


%CTEQ6L1 - LO with LO alpha_s
@Article{cteq6,
     author    = "{Pumplin, J. and others}",
     title     = "{New generation of parton distributions with uncertainties
                  from global QCD analysis}",
     journal   = "JHEP",
     volume    = "07",
     year      = "2002",
     pages     = "012",
     eprint    = "hep-ph/0201195",
     archivePrefix = "arXiv",
     SLACcitation  = "%%CITATION = HEP-PH/0201195;%%"
}


%---------------------------------------------------------------------------------------------------
%Generators


% fHerwig
@Article{COR-0001,
 author       = "{G. Corcella} and others",
 title        = "HERWIG 6: An Event generator for hadron emission reactions 
                 with interfering gluons (including supersymmetric 
                 processes)",
 journal      = "JHEP",
 volume       = "0101",
 year         = "2001",
 pages        = "010",
 eprint       = "hep-ph/0011363",
     archivePrefix = "arXiv"
}

@Article{FRI-0201,
 author       = "{S. Frixione and B.R. Webber}",
 title        = "Matching NLO QCD computations and parton shower simulations",
 journal      = "JHEP",
 volume       = "0206",
 year         = "2002",
 pages        = "029",
 eprint       = "hep-ph/0204244"
}

@Article{FRI-0301,
 author       = "{S. Frixione and P. Nason and B.R. Webber}",
 title        = "Matching NLO QCD and parton showers in heavy 
                 flavour production",
 journal      = "JHEP",
 volume       = "0308",
 year         = "2003",
 pages        = "007",
 eprint       = "hep-ph/0305252"
}

%POWHEG
@Article{FRI-0701,
 author       = "{S. Frixione, P. Nason and C. Oleari}",
 title        = "Matching NLO QCD computations with Parton Shower 
                 simulations: the POWHEG method",
 journal      = "JHEP",
 volume       = "0711",
 year         = "2007",
 pages        = "070",
 eprint       = "arXiv:0709.2092"
}

%Sherpa
@Article{GLE-0901,
 author       = "{T.~Gleisberg et al.}",
 title        = "Event generation with SHERPA 1.1",
 journal      = "JHEP",
 volume       = "0902",
 year         = "2009",
 pages        = "007"
}

%Acer
@Article{KER-0401,
 author       = "{B.P.~Kersevan and E.~Richter-W\c{a}s}",
 title        = "The Monte Carlo event generator AcerMC version 2.0 with 
                 interfaces to PYTHIA 6.2 and HERWIG 6.5",
 journal      = "",
 volume       = "",
 year         = "2004",
 pages        = "",
 eprint       = "hep-ph/0405247"
}

%Alpgen
@Article{MAN-0301,
 author       = "{M.L. Mangano} and others",
 title        = "ALPGEN, a generator for hard multiparton processes in 
                 hadronic collisions",
 journal      = "JHEP",
 volume       = "0307",
 year         = "2003",
 pages        = "001",
 eprint       = "hep-ex/0206293"
}

%fPythia
@Article{SJO-0601,
 author       = "{T. Sjostrand and S. Mrenna and P.Z. Skands}",
 title        = "PYTHIA 6.4 Physics and Manual",
 journal      = "JHEP",
 volume       = "05",
 year         = "2006",
 pages        = "026",
 eprint       = "hep-ph/0603175"
}

@Article{Alioli:2009je,
     author    = "Alioli, Simone and Nason, Paolo and Oleari, Carlo and Re,
                  Emanuele",
     title     = "{NLO single-top production matched with shower in POWHEG:
                  s- and t-channel contributions}",
     journal   = "JHEP",
     volume    = "09",
     year      = "2009",
     pages     = "111",
     eprint    = "0907.4076",
     archivePrefix = "arXiv",
     primaryClass  =  "hep-ph",
     doi       = "10.1088/1126-6708/2009/09/111",
     SLACcitation  = "%%CITATION = 0907.4076;%%"
}


%---------------------------------------------------------------------------------------------------@Article{2010:pdg,
  author =       "{K.~Nakamura {\it et al.} (Particle Data Group)}",
  title =        "{The Review of Particle Physics}",
  note =         "{J. Phys. G 37, 075021 (2010)}"
}  

@Article{2010:note1,
  author =       "{N.~Benekos {\it et al.}}",
  title =        "{Lepton Trigger and Identification for the first Top quark observation}",
  note =         "{ATL-COM-PHYS-2010-826}"
}  

@Article{2011:noteM1,
  author =       "{N.~Benekos {\it et al.}}",
  title =        "{Lepton trigger and identification for the Winter 2011 top quark analyses}",
  note =         "{ATL-COM-PHYS-2011-123}"
}  

@Misc{TWiki_MCPpostPLHC,
  title = "{Twiki page: Guidelines for Analyses of 2011 Data for EPS}",
  howpublished = "{https://twiki.cern.ch/twiki/bin/view/AtlasProtected/MCPAnalysisGuidelinesEPS2011}"
}

@Misc{2010:trigmatching,
  title = "{Twiki page: TriggerObjectsMatching}",
  howpublished = "{https://twiki.cern.ch/twiki/bin/view/Atlas/TriggerObjectsMatching}"
}

@Misc{Talk_MuCombBug,
  title = "{MuComb inefficiencies in MC10b}",
  howpublished = "{https://indico.cern.ch/getFile.py/access?contribId=3$\&$resId=0\\$\&$materialId=slides$\&$confId=129115}"
}

@Misc{muonsftoolEPS,
  title = "{SVN repository address for the top muon SF tool}",
  howpublished = "{https://svnweb.cern.ch/trac/atlasoff/browser/\\PhysicsAnalysis/TopPhys/TopPhysUtils/TopMuonSFUtils/trunk/muon$\_$SF$\_$EPS.h}"
}@techreport{note3,
      author       = "Canepa, A and Cinca, D and Farrell, S and Garitaonandia
                      Elejabarrieta, H and Grundler, U and Johns, K and Kaushik, V
                      and Khandanya, H and Lei, X and Lessard, JR and Liss, T and
                      Nugent, I and Okawa, H and Pallin, D and Taffard, A and
                      Toggerson, B and Watson, M",
      title        = "Missing Transverse Energy for Top Physics analyses with
                      early ATLAS data at $sqrt{s}$=7~TeV",
      institution  = "CERN",
      address      = "Geneva",
      number       = "ATL-COM-PHYS-2010-821",
      month        = "Oct",
      year         = "2010",
      note         = "Supporting document for top paper",
}
@techreport{METNote,
     author       = "Antonelli, M and Cavalli, D and Dobson, E and Ilic, N and Lie, K and Pizio, C and Resconi, S and Simoniello,
                     R and Simonyan, M and Sumida, T and Testa, M and Teuscher, R and Tsiskaridze, V and Vichou, I and
                     Vivarelli, I and Yurkewicz,  A ",
     title        = "Reconstruction and Calibration of Missing Transverse Energy and Performance in Z and W events in ATLAS Proton-Proton Collisions at 7 TeV",
      institution  = "CERN",
      address      = "Geneva",
      number       = "ATLAS-COM-CONF-2011-035",
      month        = "Feb",
      year         = "2011",
}


@misc{TopMETTool,
  title =        {Tool for MET Uncertainties},
  howpublished = {$https://twiki.cern.ch/twiki/bin/view/AtlasProtected/TopETmissLiaison\_EPS\#Tool\_for\_MET\_Uncertainties$},
  month =        {June},
  year =         {2011},
}


@misc{BCHTwiki,
  title =        {FakeMetEstimator},
  howpublished = {$https://twiki.cern.ch/twiki/bin/view/AtlasProtected/FakeMetEstimator$},
  month =        {June},
  year =         {2011},
}

@article{Junk:1999kv,
      author         = "Junk, Thomas",
      title          = "{Confidence level computation for combining searches with
                        small statistics}",
      journal        = "Nucl.Instrum.Meth.",
      volume         = "A434",
      pages          = "435-443",
      doi            = "10.1016/S0168-9002(99)00498-2",
      year           = "1999",
      eprint         = "hep-ex/9902006",
      archivePrefix  = "arXiv",
      primaryClass   = "hep-ex",
      reportNumber   = "CARLETON-OPAL-PHYS-99-01, CERN-EP-99-041",
      SLACcitation   = "%%CITATION = HEP-EX/9902006;%%",
}

@article{0954-3899-28-10-313,
  author={A L Read},
  title={Presentation of search results: the CL s technique},
  journal={Journal of Physics G: Nuclear and Particle Physics},
  volume={2810},
  pages={2693},
  url={http://stacks.iop.org/0954-3899/28/i=10/a=313},
  year={2002},
}

@misc{mclimit,
  title = {{\sc\small MCLIMIT} webpage},
  howpublished = {\\ \url{http://www-cdf.fnal.gov/~trj/mclimit/production/mclimit.html}},
}

@article{Fisher:2006zz,
      author         = "Fisher, Wade",
      title          = "{Systematics and limit calculations}",
      collaboration  = "D0 Collaboration",
      doi            = "10.2172/923070",
      year           = "2006",
      reportNumber   = "FERMILAB-TM-2386-E, D0-NOTE-5309",
      SLACcitation   = "%%CITATION = FERMILAB-TM-2386-E ETC.;%%",
}
